Date,Product Category,Quantity,Cost,Revenue,Profit
,Bikes,1,"1,000.00",,-62$
1/1/2015,Bikes,1,"2,182.00","2,352.00",170
1/1/2015,Bikes,2,"2,071.00","1,792.00",-279
1/1/2015,,3,783,692,-91
1/1/2015,Bikes,3,783,699,-84
1/2/2015,Bikes,2,783,878,95
1/2/2015,,1,"2,071.00","2,593.00",
1/2/2015,Bikes,1,783,821,38
1/3/2015,Bikes,2,783,698,-85
1/5/2015,Bikes,2,"2,182.00","2,065.00",-117
1/7/2015,,2,"1,000.00","1,127.00",127
1/7/2015,Bikes,1,"1,000.00",896,-104
1/7/2015,Bikes,1,"2,071.00","1,945.00",-126
1/7/2015,Bikes,3,,723,-60
1/7/2015,Bikes,1,783,724,-59
1/8/2015,Bikes,2,"2,049.00","2,600.00",551
1/8/2015,Bikes,1,"1,000.00",931,-69
1/8/2015,Bikes,3,783,822,39
1/9/2015,Bikes,3,"2,071.00","2,042.00",-29
1/9/2015,Bikes,1,"2,071.00","2,172.00",101
1/9/2015,Bikes,3,"2,443.00","3,113.00",670
1/10/2015,Bikes,2,783,719,-64
1/10/2015,Bikes,1,"2,182.00","2,467.00",285
1/11/2015,Bikes,3,"2,049.00","1,916.00",-133
1/12/2015,Bikes,3,"2,049.00","1,986.00",-63
1/12/2015,Bikes,2,"2,071.00","1,956.00",-115
1/13/2015,ikes,3,"2,049.00","1,869.00",-180
1/14/2015,Bikes,1,"2,049.00","1,868.00",-181
1/15/2015,Bikes,2,"2,071.00","1,947.00",-124
1/15/2015,Bikes,3,783,686,-97
1/16/2015,Bikes,2,"2,071.00","2,262.00",191
1/16/2015,Bikes,2,"2,049.00","1,902.00",-147
1/16/2015,Bikes,3,"2,182.00","1,744.00",-438
1/16/2015,Bikes,2,"2,443.00","2,322.00",-121
1/16/2015,Bikes,1,783,775,-8
1/17/2015,Bikes,3,783,758,-25
1/17/2015,Bikes,3,"2,071.00","1,852.00",-219
1/17/2015,Bikes,2,"2,049.00","1,630.00",-419
1/18/2015,Bikes,3,"2,443.00","3,173.00",730
1/20/2015,Bikes,2,"2,443.00","2,650.00",207
1/20/2015,Bikes,2,"2,071.00","1,405.00",-666
1/22/2015,Bikes,1,"2,182.00","2,327.00",145
1/22/2015,Bikes,2,"1,000.00","1,195.00",195
1/23/2015,Bikes,3,"1,000.00",725,-275
1/23/2015,Bikes,1,"2,182.00","2,211.00",29
1/23/2015,Bikes,1,"1,000.00","1,023.00",23
1/24/2015,Bikes,1,"2,049.00","2,133.00",84
1/24/2015,Bikes,3,"2,071.00","2,222.00",151
1/24/2015,Bikes,3,"2,049.00","1,856.00",-193
1/25/2015,Bikes,3,"2,071.00","1,695.00",-376
1/25/2015,Bikes,1,"2,443.00","2,229.00",-214
1/26/2015,Bikes,2,"2,182.00","2,078.00",-104
1/26/2015,Bikes,1,"2,049.00","1,969.00",-80
1/28/2015,Bikes,2,"2,443.00","2,830.00",387
1/28/2015,Bikes,1,"2,443.00","2,540.00",97
1/30/2015,Bikes,3,783,778,-5
1/30/2015,Bikes,3,"2,443.00","2,762.00",319
1/31/2015,Bikes,1,"2,049.00","2,202.00",153
1/31/2015,Bikes,3,"2,049.00","1,868.00",-181
1/31/2015,,3,"2,443.00","1,614.00",-829
2/1/2015,Bikes,3,"1,000.00",939,-61
2/1/2015,Bikes,2,"2,443.00","1,979.00",-464
2/2/2015,Bikes,1,"2,049.00","1,719.00",-330
2/3/2015,Bikes,2,"2,049.00","2,357.00",308
2/3/2015,Bikes,1,"2,071.00","2,257.00",186
2/3/2015,Bikes,1,"1,000.00",948,-52
2/4/2015,Bikes,1,783,923,140
2/4/2015,Bikes,2,"2,443.00","2,372.00",-71
2/4/2015,Bikes,3,"1,000.00",863,-137
2/4/2015,Bikes,2,783,671,-112
2/5/2015,Bikes,2,"2,182.00","1,402.00",-780
2/5/2015,Bikes,2,"2,071.00","2,086.00",15
2/5/2015,Bikes,1,"2,049.00","1,813.00",-236
2/5/2015,,2,"2,049.00","2,111.00",62
2/6/2015,Bikes,2,"2,049.00","1,681.00",-368
2/6/2015,Bikes,3,"2,071.00","2,420.00",349
2/6/2015,Bikes,1,"2,443.00","2,185.00",-258
2/6/2015,Bikes,,783,,-101
2/8/2015,Bikes,1,"1,000.00",856,-144
2/8/2015,Bikes,3,783,524,-259
2/8/2015,Bikes,2,"1,000.00","1,353.00",353
2/8/2015,Bikes,3,"2,071.00","2,380.00",309
2/8/2015,Bikes,2,"2,443.00","2,637.00",194
2/9/2015,Bikes,1,783,787,4
2/9/2015,Bikes,1,"2,049.00","1,227.00",-822
2/9/2015,Bikes,1,"2,071.00","2,188.00",117
2/9/2015,Bikes,2,"2,049.00","2,098.00",49
2/9/2015,Bikes,2,"2,049.00","2,036.00",-13
2/10/2015,Bikes,1,"2,071.00","1,958.00",-113
2/11/2015,Bikes,3,"2,071.00","1,879.00",-192
2/13/2015,Bikes,1,"2,049.00","2,317.00",268
2/13/2015,Bikes,2,"2,443.00","2,828.00",385
2/13/2015,Bikes,3,"2,443.00","2,312.00",-131
2/14/2015,Bikes,3,"1,000.00",903,-97
,Bikes,3,"2,182.00","2,450.00",268
2/14/2015,Bikes,2,"2,182.00","2,450.00",268
2/14/2015,Bikes,1,"2,182.00","1,850.00",-332
2/16/2015,Bikes,3,"2,071.00","2,257.00",186
2/16/2015,Bikes,2,"2,049.00","1,771.00",-278
2/17/2015,,2,"2,049.00","1,925.00",-124
2/17/2015,Bikes,1,"2,049.00","2,360.00",311
2/18/2015,Bikes,1,"2,182.00","2,210.00",28
2/18/2015,Bikes,3,"2,071.00","2,043.00",-28
2/18/2015,Bikes,3,"2,443.00","2,674.00",231
2/18/2015,Bikes,1,783,806,23
2/19/2015,Bikes,2,"2,049.00","1,774.00",-275
2/19/2015,Bikes,1,"2,071.00","1,699.00",-372
2/19/2015,Bikes,1,"1,000.00",906,-94
2/19/2015,Bikes,2,"2,182.00","2,687.00",505
2/20/2015,Bikes,3,"2,049.00","2,006.00",-43
2/20/2015,Bikes,2,783,623,-160
2/20/2015,Bikes,3,783,692,-91
2/21/2015,Bikes,2,"2,049.00","1,830.00",-219
2/21/2015,Bikes,2,"2,071.00","2,155.00",84
2/21/2015,Bikes,2,783,720,-63
2/22/2015,Bikes,3,783,921,138
2/22/2015,Bikes,1,"2,071.00","2,274.00",203
2/24/2015,Bikes,2,"2,071.00","2,343.00",272
2/24/2015,Bikes,3,"2,049.00","2,429.00",380
2/24/2015,Bikes,3,"1,000.00",907,-93
2/25/2015,Bikes,3,"2,443.00","2,879.00",436
2/25/2015,Bikes,3,"1,000.00",989,-11
2/26/2015,Bikes,2,"2,443.00","2,093.00",-350
2/28/2015,Bikes,2,783,767,-16
2/28/2015,Bikes,2,783,884,101
3/1/2015,Bikes,3,783,648,-135
3/1/2015,Bikes,3,783,729,-54
3/1/2015,Bikes,1,783,713,-70
3/2/2015,,2,"2,071.00","1,985.00",-86
3/2/2015,Bikes,1,"2,182.00","2,009.00",-173
3/3/2015,Bikes,3,"2,071.00","2,040.00",-31
3/4/2015,Bikes,1,"2,443.00","2,312.00",-131
3/5/2015,Bikes,3,"2,182.00","2,779.00",597
3/5/2015,Bikes,1,"2,071.00","2,351.00",280
3/5/2015,Bikes,1,"2,049.00","2,086.00",37
3/6/2015,Bikes,1,"2,443.00","2,499.00",56
3/6/2015,Bikes,1,"1,000.00",932,-68
3/6/2015,Bikes,2,783,758,-25
3/7/2015,Bikes,2,"1,000.00",922,-78
3/7/2015,Bikes,1,"2,071.00","2,417.00",346
3/7/2015,Bikes,2,783,704,-79
3/8/2015,Bikes,1,"2,182.00","1,377.00",-805
3/8/2015,Bikes,1,"2,049.00","2,187.00",138
3/8/2015,Bikes,1,"2,071.00","2,330.00",259
,Bikes,3,783,813,30
3/10/2015,Bikes,3,"2,071.00","1,764.00",-307
3/11/2015,Bikes,2,783,864,81
3/11/2015,Bikes,3,"2,049.00","2,203.00",154
3/12/2015,Bikes,2,"2,182.00","2,626.00",444
3/12/2015,Bikes,2,"2,049.00","1,995.00",-54
3/12/2015,Bikes,3,"2,071.00","1,810.00",-261
3/12/2015,Bikes,3,"2,443.00","2,206.00",-237
3/13/2015,Bikes,1,"2,049.00","1,583.00",-466
3/14/2015,Bikes,3,"2,049.00","1,630.00",-419
3/15/2015,Bikes,2,"2,071.00","1,948.00",-123
3/16/2015,Bikes,3,"2,182.00","1,718.00",-464
3/16/2015,Bikes,1,"2,049.00","1,903.00",-146
3/16/2015,Bikes,2,"1,000.00",883,-117
3/17/2015,Bikes,1,"2,049.00","2,465.00",416
3/18/2015,Bikes,2,"2,182.00","2,820.00",638
3/18/2015,Bikes,2,"2,182.00","1,363.00",-819
3/18/2015,Bikes,1,"2,443.00","1,914.00",-529
3/18/2015,Bikes,3,"1,000.00",810,-190
3/18/2015,Bikes,2,"2,071.00","2,269.00",198
3/18/2015,Bikes,1,"2,182.00","2,053.00",-129
3/18/2015,Bikes,2,"2,182.00","1,899.00",-283
3/19/2015,Bikes,1,"2,443.00","2,414.00",-29
3/19/2015,Bikes,3,"2,071.00","2,007.00",-64
3/19/2015,Bikes,2,"2,071.00","1,890.00",-181
3/20/2015,Bikes,1,"2,049.00","1,307.00",-742
3/20/2015,Bikes,1,783,694,-89
3/21/2015,Bikes,3,"1,000.00",840,-160
3/22/2015,Bikes,1,"2,049.00","1,487.00",-562
3/22/2015,Bikes,1,"2,071.00","2,481.00",410
3/22/2015,Bikes,3,"1,000.00",958,-42
3/23/2015,Bikes,1,"2,049.00","2,271.00",222
3/24/2015,Bikes,3,"1,000.00",851,-149
3/24/2015,Bikes,2,"2,182.00","2,133.00",-49
3/25/2015,Bikes,3,"2,443.00","2,485.00",42
3/26/2015,Bikes,2,"2,049.00","2,141.00",92
3/28/2015,Bikes,2,"2,049.00","2,531.00",482
3/29/2015,Bikes,3,783,726,-57
3/30/2015,Bikes,2,"2,182.00","1,655.00",-527
3/30/2015,Bikes,3,"2,443.00","1,757.00",-686
3/31/2015,Bikes,2,"2,071.00","1,420.00",-651
3/31/2015,Bikes,1,"2,182.00","2,613.00",431
3/31/2015,Bikes,1,"2,071.00","1,865.00",-206
3/31/2015,Bikes,1,"2,443.00","2,492.00",49
4/1/2015,Bikes,1,"2,182.00","2,932.00",750
4/1/2015,Bikes,2,783,858,75
4/1/2015,Bikes,2,"2,182.00","1,586.00",-596
4/1/2015,Bikes,2,"2,071.00","2,325.00",254
4/1/2015,Bikes,1,"2,443.00","2,666.00",223
4/2/2015,Bikes,3,"2,049.00","1,808.00",-241
4/2/2015,Bikes,3,"2,182.00","1,948.00",-234
4/2/2015,Bikes,3,"2,049.00","1,682.00",-367
4/3/2015,Bikes,1,"2,182.00","1,863.00",-319
4/4/2015,Bikes,1,"1,000.00",891,-109
4/4/2015,Bikes,2,783,636,-147
4/4/2015,Bikes,1,"1,000.00",864,-136
4/4/2015,Bikes,3,"2,182.00","1,695.00",-487
4/4/2015,Bikes,1,"2,443.00","1,674.00",-769
4/4/2015,Bikes,1,"2,049.00","2,203.00",154
4/5/2015,Bikes,3,"2,049.00","1,682.00",-367
4/5/2015,Bikes,1,"1,000.00",922,-78
4/5/2015,Bikes,2,"2,071.00","1,963.00",-108
4/5/2015,Bikes,1,"2,049.00","1,868.00",-181
4/7/2015,Bikes,1,783,760,-23
4/8/2015,Bikes,2,"2,182.00","2,428.00",246
4/8/2015,Bikes,3,"2,049.00","2,123.00",74
4/8/2015,Bikes,1,"2,071.00","2,386.00",315
4/9/2015,Bikes,2,"2,182.00","1,987.00",-195
4/9/2015,Bikes,2,"2,182.00","2,138.00",-44
4/9/2015,Bikes,1,"2,071.00","2,430.00",359
4/10/2015,Bikes,1,"2,049.00","2,267.00",218
4/11/2015,Bikes,3,"2,071.00","2,317.00",246
4/11/2015,Bikes,1,"2,049.00","1,829.00",-220
4/11/2015,Bikes,3,"1,000.00",796,-204
4/11/2015,Bikes,2,783,699,-84
4/11/2015,Bikes,3,"2,049.00","2,366.00",317
4/13/2015,Bikes,1,"2,049.00","2,532.00",483
4/14/2015,Bikes,3,783,"1,015.00",232
4/14/2015,Bikes,1,"2,071.00","2,292.00",221
4/15/2015,Bikes,1,"1,000.00",874,-126
4/15/2015,Bikes,2,"2,071.00","1,788.00",-283
4/16/2015,Bikes,1,"2,443.00","2,925.00",482
4/16/2015,Bikes,2,"2,182.00","1,646.00",-536
4/16/2015,Bikes,2,"2,071.00","1,868.00",-203
4/17/2015,Bikes,1,"2,443.00","2,574.00",131
4/18/2015,Bikes,1,"2,049.00","2,385.00",336
4/18/2015,Bikes,2,"2,071.00","2,087.00",16
4/19/2015,Bikes,2,783,880,97
4/19/2015,Bikes,1,783,910,127
4/20/2015,Bikes,3,"2,071.00","1,555.00",-516
4/20/2015,Bikes,3,"2,182.00","2,694.00",512
4/20/2015,Bikes,3,783,765,-18
4/21/2015,Bikes,1,"1,000.00",847,-153
4/22/2015,Bikes,3,"1,000.00",888,-112
4/23/2015,Bikes,3,783,848,65
4/24/2015,Bikes,3,"2,182.00","2,124.00",-58
4/25/2015,Bikes,2,"2,049.00","1,416.00",-633
4/25/2015,Bikes,2,783,720,-63
4/28/2015,Bikes,1,"2,182.00","1,842.00",-340
4/29/2015,Bikes,2,"2,182.00","2,095.00",-87
4/30/2015,Bikes,2,"2,049.00","2,154.00",105
4/30/2015,Bikes,3,"2,049.00","2,250.00",201
4/30/2015,Bikes,3,"2,443.00","2,931.00",488
5/1/2015,Bikes,3,"2,071.00","1,869.00",-202
5/1/2015,Bikes,3,"2,071.00","2,599.00",528
5/1/2015,Bikes,3,783,771,-12
5/1/2015,Bikes,3,"2,071.00","2,196.00",125
5/2/2015,Bikes,3,783,745,-38
5/2/2015,Bikes,1,"2,182.00","2,384.00",202
5/2/2015,Bikes,1,"2,071.00","1,869.00",-202
5/3/2015,Bikes,2,"1,000.00","1,084.00",84
5/4/2015,Bikes,2,"2,049.00","2,045.00",-4
5/5/2015,Bikes,3,"1,000.00","1,224.00",224
5/5/2015,Bikes,2,"2,071.00","1,551.00",-520
5/5/2015,Bikes,3,"2,182.00","1,753.00",-429
5/5/2015,Bikes,3,"1,000.00",749,-251
5/5/2015,Bikes,2,"1,000.00","1,010.00",10
5/5/2015,Bikes,2,783,778,-5
5/5/2015,Bikes,2,"2,049.00","1,732.00",-317
5/5/2015,Bikes,1,"2,049.00","1,965.00",-84
5/6/2015,Bikes,2,783,714,-69
5/6/2015,Bikes,1,"2,049.00","2,617.00",568
5/7/2015,Bikes,3,"2,049.00","1,566.00",-483
5/7/2015,Bikes,1,"2,182.00","2,108.00",-74
5/8/2015,Bikes,1,"2,049.00","2,435.00",386
5/8/2015,Bikes,3,"2,049.00","2,137.00",88
5/8/2015,Bikes,1,"2,071.00","2,000.00",-71
5/9/2015,Bikes,2,"1,000.00",931,-69
5/9/2015,Bikes,3,"2,182.00","2,725.00",543
5/9/2015,Bikes,2,"1,000.00",903,-97
5/10/2015,Bikes,3,"2,071.00","1,928.00",-143
5/10/2015,Bikes,2,"2,182.00","2,076.00",-106
5/11/2015,Bikes,2,"2,049.00","2,098.00",49
5/11/2015,Bikes,3,"1,000.00",848,-152
5/11/2015,Bikes,3,"2,071.00","2,558.00",487
5/12/2015,Bikes,1,"2,443.00","3,009.00",566
5/13/2015,Bikes,3,"2,071.00","2,262.00",191
5/14/2015,Bikes,1,"2,049.00","1,942.00",-107
5/16/2015,Bikes,3,"1,000.00",941,-59
5/16/2015,Bikes,2,"2,182.00","2,814.00",632
5/16/2015,Bikes,2,"1,000.00",919,-81
5/17/2015,Bikes,1,"2,049.00","1,454.00",-595
5/17/2015,Bikes,3,"2,071.00","1,904.00",-167
5/18/2015,Bikes,2,"2,443.00","1,671.00",-772
5/19/2015,Bikes,2,"2,049.00","2,479.00",430
5/19/2015,Bikes,2,"2,443.00","2,226.00",-217
5/20/2015,Bikes,2,"1,000.00",899,-101
5/20/2015,Bikes,2,"2,071.00","2,049.00",-22
5/20/2015,Bikes,2,783,773,-10
5/20/2015,Bikes,1,"2,049.00","1,787.00",-262
5/20/2015,Bikes,2,"2,071.00","2,012.00",-59
5/21/2015,Bikes,3,"2,049.00","1,717.00",-332
5/21/2015,Bikes,1,783,933,150
5/21/2015,Bikes,1,"2,182.00","1,938.00",-244
5/21/2015,Bikes,2,"2,071.00","2,202.00",131
5/21/2015,Bikes,2,"2,049.00","1,755.00",-294
5/22/2015,Bikes,3,"2,049.00","2,076.00",27
5/22/2015,Bikes,2,"1,000.00",932,-68
5/22/2015,Bikes,3,"1,000.00",865,-135
5/23/2015,Bikes,3,"2,182.00","2,557.00",375
5/23/2015,Bikes,1,"2,049.00","2,371.00",322
5/23/2015,Bikes,1,"2,049.00","1,939.00",-110
5/24/2015,Bikes,1,"2,049.00","1,970.00",-79
5/24/2015,Bikes,1,783,714,-69
5/24/2015,Bikes,1,"2,182.00","2,503.00",321
5/25/2015,Bikes,2,"2,182.00","2,009.00",-173
5/26/2015,Bikes,1,"2,049.00","1,957.00",-92
5/26/2015,Bikes,1,"2,049.00","1,916.00",-133
5/26/2015,Bikes,2,"2,071.00","1,947.00",-124
5/27/2015,Bikes,1,783,746,-37
5/27/2015,Bikes,1,"2,071.00","2,411.00",340
5/27/2015,Bikes,1,"2,049.00","2,022.00",-27
5/28/2015,Bikes,3,783,712,-71
5/30/2015,Bikes,1,"2,182.00","1,583.00",-599
5/30/2015,Bikes,3,"1,000.00","1,261.00",261
5/31/2015,Bikes,3,"2,049.00","2,236.00",187
5/31/2015,Bikes,3,"2,071.00","1,985.00",-86
6/1/2015,Bikes,1,"2,182.00","2,443.00",261
6/1/2015,Bikes,3,783,507,-276
6/1/2015,Bikes,1,783,713,-70
6/1/2015,Bikes,3,"2,443.00","2,440.00",-3
6/1/2015,Bikes,3,"1,000.00",999,-1
6/2/2015,Bikes,2,"2,049.00","2,075.00",26
6/2/2015,Bikes,1,783,707,-76
6/2/2015,Bikes,2,"2,071.00","2,737.00",666
6/2/2015,Bikes,2,"2,071.00","1,349.00",-722
6/2/2015,Bikes,1,"2,049.00","1,605.00",-444
6/2/2015,Bikes,2,"2,049.00","2,010.00",-39
6/2/2015,Bikes,2,"1,000.00",985,-15
6/2/2015,Bikes,3,"2,049.00","1,933.00",-116
6/3/2015,Bikes,2,"2,071.00","1,993.00",-78
6/4/2015,Bikes,3,783,739,-44
6/4/2015,Bikes,3,"2,049.00","2,351.00",302
6/5/2015,Bikes,1,"2,049.00","1,555.00",-494
6/6/2015,Bikes,2,"2,071.00","1,896.00",-175
6/7/2015,Bikes,1,"2,182.00","2,663.00",481
6/7/2015,Bikes,3,"1,000.00","1,024.00",24
6/7/2015,Bikes,1,"2,049.00","1,697.00",-352
6/8/2015,Bikes,2,"2,182.00","1,922.00",-260
6/8/2015,Bikes,1,"2,071.00","2,211.00",140
6/8/2015,Bikes,3,"2,182.00","1,555.00",-627
6/8/2015,Bikes,1,"2,049.00","2,379.00",330
6/8/2015,Bikes,1,783,622,-161
6/8/2015,Bikes,2,"2,182.00","2,078.00",-104
6/8/2015,Bikes,1,"2,049.00","1,870.00",-179
6/9/2015,Bikes,3,"2,071.00","1,775.00",-296
6/10/2015,Bikes,1,"2,071.00","1,811.00",-260
6/10/2015,Bikes,3,783,685,-98
6/10/2015,Bikes,1,"2,049.00","1,963.00",-86
6/10/2015,Bikes,3,"2,071.00","1,738.00",-333
6/11/2015,Bikes,3,"2,071.00","2,287.00",216
6/11/2015,Bikes,2,"2,049.00","2,510.00",461
6/11/2015,Bikes,3,"2,071.00","2,220.00",149
6/12/2015,Bikes,1,"2,443.00","2,205.00",-238
6/12/2015,Bikes,1,"2,071.00","2,377.00",306
6/13/2015,Bikes,2,"2,071.00","2,247.00",176
6/13/2015,Bikes,3,"2,071.00","2,043.00",-28
6/14/2015,Bikes,3,"2,071.00","2,214.00",143
6/14/2015,Bikes,1,"2,182.00","2,535.00",353
6/14/2015,Bikes,3,"2,071.00","1,976.00",-95
6/15/2015,Bikes,2,"2,071.00","2,592.00",521
6/15/2015,Bikes,2,"2,443.00","1,922.00",-521
6/15/2015,Bikes,1,783,720,-63
6/15/2015,Bikes,1,783,670,-113
6/16/2015,Bikes,2,"1,000.00",743,-257
6/16/2015,Bikes,3,"1,000.00",746,-254
6/17/2015,Bikes,1,"2,049.00","1,892.00",-157
6/17/2015,Bikes,3,"2,071.00","2,386.00",315
6/17/2015,Bikes,2,"1,000.00","1,164.00",164
6/17/2015,Bikes,1,783,796,13
6/17/2015,Bikes,3,"2,071.00","1,827.00",-244
6/18/2015,Bikes,3,"2,071.00","2,040.00",-31
6/18/2015,Bikes,3,"2,071.00","2,233.00",162
6/19/2015,Bikes,3,"2,182.00","2,123.00",-59
6/19/2015,Bikes,1,"2,182.00","2,019.00",-163
6/19/2015,Bikes,1,"1,000.00","1,029.00",29
6/19/2015,Bikes,1,"2,182.00","1,441.00",-741
6/19/2015,Bikes,2,"2,049.00","2,103.00",54
6/19/2015,Bikes,3,"2,443.00","1,636.00",-807
6/19/2015,Bikes,3,"2,071.00","1,867.00",-204
6/19/2015,Bikes,1,783,705,-78
6/21/2015,Bikes,1,"2,443.00","2,314.00",-129
6/21/2015,Bikes,3,783,853,70
6/21/2015,Bikes,2,783,801,18
6/21/2015,Bikes,3,"1,000.00",999,-1
6/21/2015,Bikes,1,"2,443.00","2,554.00",111
6/22/2015,Bikes,2,783,814,31
6/22/2015,Bikes,2,"2,049.00","1,771.00",-278
6/22/2015,Bikes,1,"1,000.00","1,136.00",136
6/22/2015,Bikes,3,"2,071.00","1,948.00",-123
6/23/2015,Bikes,2,"2,443.00","2,197.00",-246
6/23/2015,Bikes,1,"2,049.00","1,983.00",-66
6/24/2015,Bikes,2,783,663,-120
6/24/2015,Bikes,1,"2,049.00","2,328.00",279
6/24/2015,Bikes,3,"2,071.00","1,718.00",-353
6/24/2015,Bikes,2,783,707,-76
6/24/2015,Bikes,2,"2,071.00","2,285.00",214
6/24/2015,Bikes,2,"2,049.00","1,962.00",-87
6/25/2015,Bikes,2,"2,443.00","2,581.00",138
6/25/2015,Bikes,2,"2,071.00","1,572.00",-499
6/26/2015,Bikes,3,783,727,-56
6/26/2015,Bikes,3,"2,049.00","2,074.00",25
6/26/2015,Bikes,1,"2,049.00","2,081.00",32
6/27/2015,Bikes,3,"2,443.00","2,328.00",-115
6/27/2015,Bikes,1,"2,182.00","2,333.00",151
6/27/2015,Bikes,1,"2,049.00","2,185.00",136
6/27/2015,Bikes,2,"2,049.00","2,109.00",60
6/28/2015,Bikes,2,783,803,20
6/28/2015,Bikes,2,783,657,-126
6/28/2015,Bikes,2,"1,000.00",960,-40
6/29/2015,Bikes,3,"2,049.00","2,056.00",7
6/29/2015,Bikes,2,"2,049.00","2,002.00",-47
6/30/2015,Bikes,3,"2,049.00","1,884.00",-165
6/30/2015,Bikes,1,"2,071.00","1,959.00",-112
6/30/2015,Bikes,2,"2,071.00","2,384.00",313
7/1/2015,Accessories,2,50,67,17
7/1/2015,Accessories,3,140,177,37
7/1/2015,Accessories,3,840,931,91
7/1/2015,Accessories,1,150,153,3
7/1/2015,Accessories,2,782,"1,105.00",323
7/1/2015,Accessories,3,48,68,20
7/1/2015,Accessories,3,"1,272.00","1,305.00",33
7/1/2015,Bikes,3,"2,443.00","2,983.00",540
7/1/2015,Bikes,1,"2,443.00","1,801.00",-642
7/1/2015,Accessories,3,84,69,-15
7/1/2015,Accessories,3,717,"1,049.00",332
7/1/2015,Accessories,1,70,92,22
7/1/2015,Bikes,2,"2,320.00","2,610.00",290
7/1/2015,Bikes,3,540,610,70
7/2/2015,Accessories,1,315,353,38
7/2/2015,Bikes,1,"2,295.00","2,646.00",351
7/2/2015,Accessories,1,230,311,81
7/2/2015,Accessories,3,60,78,18
7/2/2015,Accessories,1,76,80,4
7/2/2015,Accessories,1,650,716,66
7/2/2015,Bikes,1,"2,295.00","2,336.00",41
7/3/2015,Bikes,3,"2,320.00","2,726.00",406
7/3/2015,Accessories,1,30,40,10
7/3/2015,Accessories,2,35,47,12
7/3/2015,Accessories,3,560,795,235
7/3/2015,Bikes,2,"1,120.00","1,289.00",169
7/3/2015,Clothing,2,63,83,20
7/3/2015,Clothing,1,54,67,13
7/3/2015,Clothing,2,90,92,2
7/3/2015,Bikes,1,565,518,-47
7/3/2015,Accessories,1,85,97,12
7/3/2015,Accessories,2,261,276,15
7/3/2015,Bikes,3,"2,295.00","2,239.00",-56
7/3/2015,Clothing,3,9,10,1
7/3/2015,Bikes,2,"2,295.00","2,048.00",-247
7/3/2015,Accessories,2,805,824,19
7/4/2015,Accessories,1,37,41,4
7/4/2015,Bikes,2,"2,320.00","2,681.00",361
7/4/2015,Accessories,1,35,36,1
7/4/2015,Accessories,1,"1,045.00","1,434.00",389
7/4/2015,Clothing,1,270,302,32
7/4/2015,Bikes,3,"2,384.00","2,724.00",340
7/4/2015,Bikes,3,"2,443.00","2,586.00",143
7/4/2015,Accessories,1,978,"1,123.00",145
7/4/2015,Accessories,3,117,152,35
7/4/2015,Accessories,1,65,87,22
7/4/2015,Accessories,3,35,49,14
7/4/2015,Clothing,1,45,49,4
7/4/2015,Bikes,1,"2,320.00","2,664.00",344
7/4/2015,Accessories,3,105,128,23
7/4/2015,Accessories,1,30,35,5
7/4/2015,Accessories,2,537,613,76
7/4/2015,Accessories,1,88,102,14
7/4/2015,Accessories,1,455,480,25
7/4/2015,Bikes,2,"2,295.00","2,216.00",-79
7/5/2015,Accessories,1,105,138,33
7/5/2015,Accessories,2,110,161,51
7/5/2015,Accessories,1,231,273,42
7/5/2015,Bikes,2,"2,384.00","2,685.00",301
7/5/2015,Accessories,1,144,192,48
7/5/2015,Accessories,1,45,46,1
7/5/2015,Accessories,2,980,"1,035.00",55
7/5/2015,Clothing,2,9,10,1
7/5/2015,Bikes,1,"2,443.00","2,516.00",73
7/5/2015,Bikes,1,"2,443.00","2,253.00",-190
7/5/2015,Accessories,3,72,69,-3
7/5/2015,Accessories,1,489,491,2
7/5/2015,Bikes,2,"1,215.00","1,105.00",-110
7/5/2015,Clothing,2,"1,242.00","1,328.00",86
7/6/2015,Bikes,1,"2,295.00","1,630.00",-665
7/6/2015,Accessories,3,130,157,27
7/6/2015,Accessories,1,145,204,59
7/6/2015,Clothing,1,108,100,-8
7/6/2015,Bikes,3,"2,295.00","2,353.00",58
7/7/2015,Bikes,2,"2,295.00","2,169.00",-126
7/7/2015,Accessories,2,805,982,177
7/7/2015,Clothing,2,72,78,6
7/7/2015,Accessories,2,750,885,135
7/7/2015,Accessories,2,910,"1,244.00",334
7/7/2015,Bikes,2,"2,443.00","2,666.00",223
7/8/2015,Bikes,1,"2,320.00","2,340.00",20
7/8/2015,Bikes,2,"2,320.00","2,506.00",186
7/8/2015,Bikes,2,"2,320.00","2,777.00",457
7/8/2015,Accessories,2,250,326,76
7/8/2015,Bikes,3,"1,120.00","1,229.00",109
7/8/2015,Accessories,2,840,"1,077.00",237
7/8/2015,Accessories,2,559,742,183
7/8/2015,Accessories,3,72,105,33
7/8/2015,Accessories,2,175,207,32
7/9/2015,Accessories,2,56,63,7
7/9/2015,Bikes,2,"2,320.00","1,599.00",-721
7/9/2015,Bikes,2,"2,320.00","1,884.00",-436
7/9/2015,Accessories,2,110,95,-15
7/9/2015,Accessories,2,60,58,-2
7/9/2015,Accessories,3,595,851,256
7/9/2015,Accessories,2,290,346,56
7/9/2015,Bikes,2,"2,384.00","2,357.00",-27
7/9/2015,Bikes,3,540,719,179
7/9/2015,Accessories,2,27,26,-1
7/9/2015,Accessories,2,115,163,48
7/9/2015,Accessories,3,25,26,1
7/9/2015,Accessories,3,70,82,12
7/9/2015,Accessories,2,40,47,7
7/9/2015,Accessories,2,385,406,21
7/9/2015,Bikes,1,"2,320.00","2,196.00",-124
7/9/2015,Bikes,3,769,916,147
7/9/2015,Accessories,1,300,378,78
7/9/2015,Accessories,3,700,979,279
7/9/2015,Bikes,3,540,564,24
7/9/2015,Clothing,2,648,674,26
7/10/2015,Bikes,1,"2,320.00","2,548.00",228
7/10/2015,Accessories,2,143,162,19
7/10/2015,Bikes,3,"2,443.00","2,043.00",-400
7/10/2015,Bikes,1,"1,120.00",997,-123
7/10/2015,Clothing,2,918,939,21
7/10/2015,Accessories,1,40,46,6
7/10/2015,Accessories,3,875,980,105
7/10/2015,Accessories,3,"1,050.00","1,161.00",111
7/10/2015,Accessories,1,559,642,83
7/11/2015,Bikes,1,"2,443.00","3,095.00",652
7/11/2015,Bikes,2,"2,443.00","2,084.00",-359
7/11/2015,Accessories,1,8,6,-2
7/11/2015,Accessories,2,619,791,172
7/11/2015,Accessories,2,44,51,7
7/11/2015,Accessories,3,60,79,19
7/11/2015,Clothing,2,699,904,205
7/11/2015,Accessories,3,95,128,33
7/11/2015,Bikes,1,"2,295.00","2,286.00",-9
7/11/2015,Bikes,1,"2,295.00","2,557.00",262
7/11/2015,Bikes,2,769,812,43
7/11/2015,Clothing,1,700,922,222
7/11/2015,Bikes,3,"2,295.00","2,026.00",-269
7/11/2015,Bikes,2,"2,295.00","2,006.00",-289
7/12/2015,Accessories,1,825,959,134
7/12/2015,Bikes,3,"1,120.00","1,065.00",-55
7/12/2015,Accessories,1,525,700,175
7/12/2015,Bikes,2,"2,320.00","2,086.00",-234
7/12/2015,Accessories,1,130,141,11
7/12/2015,Accessories,2,10,11,1
7/12/2015,Accessories,2,223,253,30
7/12/2015,Bikes,3,"1,701.00","1,427.00",-274
7/12/2015,Bikes,1,"2,295.00","2,124.00",-171
7/12/2015,Bikes,3,540,640,100
7/12/2015,Bikes,3,540,511,-29
7/12/2015,Bikes,2,540,493,-47
7/13/2015,Bikes,2,769,707,-62
7/13/2015,Bikes,2,"2,295.00","2,154.00",-141
7/13/2015,Bikes,1,"2,295.00","2,218.00",-77
7/13/2015,Accessories,1,115,135,20
7/13/2015,Accessories,1,140,160,20
7/13/2015,Accessories,2,700,627,-73
7/13/2015,Bikes,3,742,705,-37
7/13/2015,Accessories,2,35,38,3
7/14/2015,Bikes,1,"2,320.00","2,155.00",-165
7/14/2015,Bikes,3,"2,320.00","2,314.00",-6
7/14/2015,Accessories,3,700,976,276
7/14/2015,Accessories,3,110,96,-14
7/14/2015,Accessories,1,126,93,-33
7/14/2015,Bikes,1,"2,443.00","1,964.00",-479
7/14/2015,Bikes,1,"2,443.00","2,206.00",-237
7/14/2015,Accessories,3,525,530,5
7/14/2015,Accessories,3,385,459,74
7/14/2015,Clothing,1,126,148,22
7/14/2015,Clothing,3,210,233,23
7/14/2015,Clothing,3,445,489,44
7/14/2015,Bikes,1,"1,120.00","1,021.00",-99
7/15/2015,Accessories,2,24,24,0
7/15/2015,Bikes,3,"2,320.00","1,492.00",-828
7/15/2015,Bikes,1,742,744,2
7/15/2015,Clothing,1,207,216,9
7/15/2015,Clothing,3,500,523,23
7/15/2015,Bikes,2,540,606,66
7/16/2015,Clothing,1,216,228,12
7/16/2015,Accessories,1,65,67,2
7/16/2015,Accessories,2,250,287,37
7/16/2015,Clothing,3,"1,242.00","1,313.00",71
7/16/2015,Bikes,3,"2,295.00","2,137.00",-158
7/16/2015,Bikes,1,"2,295.00","2,084.00",-211
7/16/2015,Accessories,1,315,359,44
7/16/2015,Accessories,1,630,712,82
7/16/2015,Accessories,1,980,"1,145.00",165
7/16/2015,Bikes,1,"2,443.00","2,646.00",203
7/16/2015,Accessories,1,65,96,31
7/16/2015,Clothing,1,"1,050.00","1,037.00",-13
7/16/2015,Bikes,3,"2,320.00","2,046.00",-274
7/16/2015,Accessories,1,630,727,97
7/16/2015,Bikes,2,540,462,-78
7/17/2015,Bikes,3,540,508,-32
7/17/2015,Bikes,1,"2,443.00","2,179.00",-264
7/17/2015,Accessories,1,119,170,51
7/17/2015,Clothing,3,756,777,21
7/17/2015,Bikes,1,"2,320.00","1,946.00",-374
7/17/2015,Bikes,3,"2,384.00","2,542.00",158
7/17/2015,Accessories,2,81,114,33
7/17/2015,Accessories,2,35,51,16
7/17/2015,Accessories,1,560,779,219
7/17/2015,Accessories,1,910,977,67
7/18/2015,Bikes,1,"2,295.00","2,146.00",-149
7/18/2015,Clothing,3,762,898,136
7/18/2015,Bikes,1,742,682,-60
7/18/2015,Accessories,2,490,596,106
7/18/2015,Clothing,1,850,860,10
7/18/2015,Bikes,1,"2,443.00","2,314.00",-129
7/18/2015,Bikes,2,"1,120.00",997,-123
7/19/2015,Accessories,3,550,627,77
7/19/2015,Accessories,2,9,11,2
7/19/2015,Bikes,3,"2,295.00","2,349.00",54
7/19/2015,Clothing,1,400,400,0
7/19/2015,Bikes,2,"2,384.00","2,424.00",40
7/19/2015,Clothing,2,864,"1,049.00",185
7/19/2015,Bikes,3,"1,215.00","1,118.00",-97
7/20/2015,Accessories,2,165,177,12
7/20/2015,Accessories,2,350,411,61
7/20/2015,Accessories,2,76,87,11
7/20/2015,Accessories,3,18,21,3
7/20/2015,Bikes,3,"2,295.00","2,813.00",518
7/20/2015,Bikes,2,"1,701.00","1,710.00",9
7/20/2015,Accessories,2,175,231,56
7/20/2015,Clothing,2,45,42,-3
7/20/2015,Accessories,1,10,12,2
7/20/2015,Accessories,3,105,136,31
7/20/2015,Accessories,3,560,801,241
7/20/2015,Accessories,3,60,68,8
7/20/2015,Accessories,3,40,43,3
7/20/2015,Accessories,1,65,72,7
7/20/2015,Bikes,1,"2,295.00","1,823.00",-472
7/20/2015,Accessories,2,"1,050.00","1,166.00",116
7/20/2015,Bikes,2,"2,295.00","2,426.00",131
7/21/2015,Bikes,2,540,563,23
7/21/2015,Bikes,3,769,809,40
7/21/2015,Clothing,3,"2,030.00","1,772.00",-258
7/21/2015,Accessories,3,87,92,5
7/21/2015,Accessories,1,50,42,-8
7/21/2015,Accessories,1,125,116,-9
7/21/2015,Accessories,2,875,629,-246
7/21/2015,Bikes,2,"2,384.00","1,972.00",-412
7/21/2015,Bikes,3,"2,295.00","2,137.00",-158
7/21/2015,Bikes,3,540,462,-78
7/22/2015,Accessories,1,636,677,41
7/22/2015,Bikes,3,"2,320.00","1,737.00",-583
7/22/2015,Accessories,2,120,171,51
7/22/2015,Accessories,1,150,196,46
7/22/2015,Clothing,1,18,13,-5
7/22/2015,Clothing,1,540,368,-172
7/22/2015,Bikes,3,"2,443.00","2,791.00",348
7/22/2015,Bikes,3,540,397,-143
7/22/2015,Accessories,3,245,314,69
7/22/2015,Bikes,1,"2,320.00","2,527.00",207
7/22/2015,Bikes,1,"1,120.00","1,065.00",-55
7/22/2015,Accessories,2,980,"1,047.00",67
7/23/2015,Bikes,1,"2,320.00","2,007.00",-313
7/23/2015,Bikes,1,"2,320.00","2,380.00",60
7/23/2015,Bikes,1,"1,120.00","1,075.00",-45
7/23/2015,Accessories,2,840,872,32
7/23/2015,Accessories,2,623,676,53
7/23/2015,Clothing,3,36,37,1
7/23/2015,Bikes,1,"2,295.00","2,081.00",-214
7/24/2015,Bikes,1,"2,320.00","2,160.00",-160
7/24/2015,Bikes,3,"2,320.00","2,222.00",-98
7/24/2015,Clothing,1,180,231,51
7/24/2015,Accessories,1,910,"1,058.00",148
7/24/2015,Bikes,2,"2,443.00","3,043.00",600
7/24/2015,Accessories,2,990,"1,342.00",352
7/24/2015,Clothing,3,261,291,30
7/24/2015,Bikes,3,565,479,-86
7/24/2015,Clothing,3,27,26,-1
7/24/2015,Clothing,2,"1,540.00","1,540.00",0
7/24/2015,Bikes,1,"2,320.00","2,094.00",-226
7/24/2015,Accessories,1,315,347,32
7/24/2015,Bikes,1,"2,443.00","2,185.00",-258
7/24/2015,Accessories,2,105,118,13
7/24/2015,Accessories,2,198,217,19
7/24/2015,Accessories,3,"1,015.00","1,091.00",76
7/24/2015,Bikes,1,540,559,19
7/24/2015,Bikes,2,"2,443.00","2,754.00",311
7/24/2015,Accessories,3,135,182,47
7/24/2015,Accessories,3,216,296,80
7/24/2015,Bikes,3,"2,443.00","2,251.00",-192
7/24/2015,Bikes,1,540,497,-43
7/25/2015,Bikes,1,"2,320.00","2,030.00",-290
7/25/2015,Bikes,3,"2,320.00","2,757.00",437
7/25/2015,Accessories,1,805,787,-18
7/26/2015,Accessories,2,245,279,34
7/26/2015,Bikes,3,"2,295.00","2,005.00",-290
7/26/2015,Accessories,3,"1,320.00","1,295.00",-25
7/26/2015,Bikes,1,"2,384.00","2,615.00",231
7/26/2015,Accessories,1,"1,015.00","1,166.00",151
7/26/2015,Bikes,3,"2,443.00","2,848.00",405
7/26/2015,Accessories,2,4,6,2
7/26/2015,Accessories,2,228,323,95
7/26/2015,Accessories,1,945,"1,282.00",337
7/26/2015,Bikes,2,"2,320.00","2,214.00",-106
7/26/2015,Accessories,3,455,511,56
7/26/2015,Bikes,3,"1,215.00","1,143.00",-72
7/26/2015,Accessories,3,72,99,27
7/26/2015,Accessories,3,554,722,168
7/27/2015,Accessories,2,"1,595.00","1,626.00",31
7/27/2015,Bikes,1,540,406,-134
7/27/2015,Bikes,3,"2,320.00","2,756.00",436
7/27/2015,Accessories,3,170,214,44
7/27/2015,Bikes,1,540,484,-56
7/27/2015,Bikes,2,"2,295.00","2,326.00",31
7/27/2015,Accessories,2,315,408,93
7/28/2015,Bikes,1,"1,120.00",997,-123
7/28/2015,Bikes,1,"1,120.00","1,116.00",-4
7/28/2015,Bikes,1,540,620,80
7/28/2015,Clothing,1,"1,250.00","1,699.00",449
7/28/2015,Bikes,1,"1,120.00",979,-141
7/28/2015,Bikes,3,565,604,39
7/28/2015,Accessories,3,35,43,8
7/28/2015,Bikes,1,"1,701.00","1,633.00",-68
7/28/2015,Bikes,1,565,503,-62
7/28/2015,Accessories,3,300,322,22
7/29/2015,Bikes,2,"2,295.00","2,213.00",-82
7/29/2015,Accessories,1,440,509,69
7/29/2015,Bikes,1,"2,295.00","2,115.00",-180
7/29/2015,Accessories,1,230,250,20
7/29/2015,Accessories,3,15,15,0
7/29/2015,Bikes,2,"2,295.00","2,326.00",31
7/29/2015,Bikes,3,"2,443.00","1,881.00",-562
7/29/2015,Accessories,3,735,893,158
7/29/2015,Bikes,1,"2,320.00","2,637.00",317
7/29/2015,Accessories,3,330,450,120
7/29/2015,Bikes,3,540,548,8
7/29/2015,Bikes,1,"2,295.00","2,379.00",84
7/29/2015,Accessories,3,609,646,37
7/29/2015,Accessories,1,140,160,20
7/29/2015,Clothing,3,216,293,77
7/29/2015,Bikes,1,769,896,127
7/29/2015,Clothing,1,750,974,224
7/29/2015,Bikes,1,"1,701.00","1,954.00",253
7/29/2015,Bikes,3,"2,384.00","2,570.00",186
7/29/2015,Accessories,2,180,205,25
7/29/2015,Accessories,2,130,153,23
7/29/2015,Clothing,3,826,984,158
7/29/2015,Accessories,3,480,532,52
7/29/2015,Accessories,2,55,63,8
7/29/2015,Accessories,2,62,64,2
7/30/2015,Bikes,3,"2,320.00","2,624.00",304
7/30/2015,Clothing,1,9,11,2
7/30/2015,Accessories,2,225,276,51
7/30/2015,Accessories,3,28,32,4
7/30/2015,Accessories,3,980,"1,082.00",102
7/31/2015,Accessories,1,715,752,37
7/31/2015,Bikes,1,"2,295.00","2,239.00",-56
7/31/2015,Accessories,2,525,520,-5
7/31/2015,Bikes,2,"2,443.00","2,251.00",-192
7/31/2015,Accessories,1,32,37,5
7/31/2015,Accessories,2,554,632,78
7/31/2015,Accessories,1,39,47,8
7/31/2015,Bikes,1,"2,443.00","1,511.00",-932
7/31/2015,Accessories,3,685,929,244
7/31/2015,Accessories,3,112,108,-4
7/31/2015,Accessories,3,35,46,11
7/31/2015,Bikes,2,540,553,13
7/31/2015,Accessories,2,36,42,6
7/31/2015,Bikes,3,742,747,5
7/31/2015,Accessories,3,180,200,20
7/31/2015,Bikes,3,"2,295.00","1,967.00",-328
7/31/2015,Bikes,3,"1,120.00","1,000.00",-120
7/31/2015,Bikes,1,"2,443.00","2,081.00",-362
7/31/2015,Bikes,2,"2,384.00","2,775.00",391
7/31/2015,Clothing,1,126,173,47
7/31/2015,Accessories,3,"1,015.00","1,213.00",198
7/31/2015,Bikes,2,"2,320.00","1,886.00",-434
7/31/2015,Accessories,1,490,493,3
8/1/2015,Accessories,3,385,425,40
8/1/2015,Bikes,3,"2,320.00","2,460.00",140
8/1/2015,Accessories,3,75,60,-15
8/1/2015,Accessories,1,980,"1,221.00",241
8/1/2015,Accessories,3,70,71,1
8/1/2015,Accessories,2,90,98,8
8/1/2015,Clothing,1,"1,400.00","1,130.00",-270
8/1/2015,Accessories,2,88,103,15
8/1/2015,Accessories,3,848,883,35
8/1/2015,Clothing,3,"1,260.00","1,026.00",-234
8/1/2015,Accessories,3,180,199,19
8/1/2015,Accessories,3,125,136,11
8/1/2015,Clothing,2,54,53,-1
8/1/2015,Clothing,2,550,900,350
8/1/2015,Bikes,1,"2,320.00","2,335.00",15
8/1/2015,Accessories,1,70,69,-1
8/1/2015,Clothing,2,900,"1,001.00",101
8/1/2015,Accessories,1,52,61,9
8/1/2015,Accessories,3,848,634,-214
8/1/2015,Accessories,3,490,436,-54
8/1/2015,Bikes,2,540,548,8
8/1/2015,Accessories,3,554,576,22
8/1/2015,Accessories,1,27,27,0
8/1/2015,Accessories,3,86,104,18
8/1/2015,Accessories,1,84,95,11
8/2/2015,Bikes,1,"2,295.00","2,210.00",-85
8/2/2015,Clothing,2,"1,651.00","1,895.00",244
8/2/2015,Bikes,2,"2,320.00","2,842.00",522
8/2/2015,Accessories,3,630,842,212
8/2/2015,Accessories,3,250,311,61
8/2/2015,Accessories,3,5,6,1
8/2/2015,Accessories,3,840,743,-97
8/2/2015,Bikes,1,"2,384.00","1,447.00",-937
8/2/2015,Accessories,1,225,231,6
8/2/2015,Accessories,2,25,33,8
8/2/2015,Accessories,2,910,782,-128
8/2/2015,Clothing,1,207,194,-13
8/2/2015,Accessories,1,15,17,2
8/2/2015,Accessories,1,406,449,43
8/2/2015,Accessories,3,150,161,11
8/2/2015,Accessories,2,65,71,6
8/2/2015,Bikes,2,"1,215.00","1,084.00",-131
8/2/2015,Accessories,3,108,107,-1
8/2/2015,Accessories,1,645,750,105
8/2/2015,Accessories,1,175,204,29
8/3/2015,Accessories,2,477,576,99
8/3/2015,Accessories,2,490,553,63
8/3/2015,Accessories,3,10,11,1
8/3/2015,Accessories,2,638,659,21
8/3/2015,Clothing,3,810,834,24
8/3/2015,Accessories,2,200,230,30
8/3/2015,Clothing,3,100,118,18
8/3/2015,Accessories,1,770,811,41
8/3/2015,Bikes,2,"2,384.00","2,381.00",-3
8/3/2015,Accessories,2,464,402,-62
8/3/2015,Accessories,1,35,40,5
8/3/2015,Accessories,2,53,65,12
8/3/2015,Accessories,2,110,145,35
8/3/2015,Bikes,3,742,660,-82
8/3/2015,Bikes,3,"2,320.00","2,823.00",503
8/3/2015,Accessories,3,135,180,45
8/3/2015,Accessories,2,40,53,13
8/3/2015,Clothing,3,216,261,45
8/3/2015,Bikes,3,742,791,49
8/3/2015,Clothing,3,189,248,59
8/3/2015,Clothing,1,700,743,43
8/3/2015,Accessories,2,910,"1,024.00",114
8/3/2015,Bikes,3,"2,320.00","2,616.00",296
8/3/2015,Accessories,3,60,84,24
8/3/2015,Accessories,1,290,381,91
8/3/2015,Clothing,2,189,262,73
8/3/2015,Accessories,3,945,"1,304.00",359
8/3/2015,Accessories,1,20,26,6
8/3/2015,Accessories,3,130,151,21
8/3/2015,Clothing,2,252,280,28
8/3/2015,Bikes,2,"2,295.00","2,115.00",-180
8/3/2015,Clothing,2,700,771,71
8/3/2015,Bikes,1,"2,320.00","1,863.00",-457
8/3/2015,Bikes,3,769,648,-121
8/3/2015,Accessories,3,135,149,14
8/3/2015,Accessories,3,50,59,9
8/3/2015,Bikes,3,"1,120.00","1,061.00",-59
8/4/2015,Bikes,1,"2,295.00","2,376.00",81
8/4/2015,Accessories,3,150,168,18
8/4/2015,Accessories,2,100,109,9
8/4/2015,Accessories,3,200,207,7
8/4/2015,Bikes,2,"2,320.00","2,280.00",-40
8/4/2015,Accessories,1,30,33,3
8/4/2015,Accessories,1,140,163,23
8/4/2015,Accessories,2,"1,375.00","1,491.00",116
8/4/2015,Accessories,1,11,13,2
8/4/2015,Clothing,1,"1,300.00","1,603.00",303
8/4/2015,Clothing,3,850,"1,068.00",218
8/4/2015,Accessories,2,525,439,-86
8/4/2015,Accessories,2,95,90,-5
8/4/2015,Clothing,3,234,215,-19
8/4/2015,Bikes,1,"2,295.00","2,720.00",425
8/4/2015,Bikes,1,769,688,-81
8/4/2015,Accessories,2,700,800,100
8/4/2015,Accessories,2,35,35,0
8/4/2015,Accessories,1,70,81,11
8/4/2015,Clothing,2,36,38,2
8/4/2015,Bikes,3,"1,120.00","1,124.00",4
8/5/2015,Clothing,3,261,255,-6
8/5/2015,Accessories,3,200,287,87
8/5/2015,Accessories,1,20,28,8
8/5/2015,Accessories,3,80,80,0
8/5/2015,Accessories,2,848,908,60
8/5/2015,Accessories,2,559,667,108
8/5/2015,Accessories,2,8,9,1
8/5/2015,Accessories,3,50,52,2
8/5/2015,Accessories,3,180,181,1
8/5/2015,Accessories,2,159,185,26
8/5/2015,Accessories,3,52,60,8
8/5/2015,Accessories,1,65,73,8
8/5/2015,Accessories,3,119,123,4
8/5/2015,Accessories,3,625,808,183
8/5/2015,Accessories,1,125,143,18
8/5/2015,Accessories,1,223,195,-28
8/6/2015,Bikes,1,"2,295.00","2,257.00",-38
8/6/2015,Accessories,1,135,164,29
8/6/2015,Accessories,3,48,55,7
8/6/2015,Bikes,1,"2,295.00","1,859.00",-436
8/6/2015,Accessories,3,280,418,138
8/6/2015,Clothing,1,54,52,-2
8/6/2015,Clothing,2,216,246,30
8/6/2015,Clothing,3,"2,100.00","2,534.00",434
8/6/2015,Bikes,2,"1,701.00","1,936.00",235
8/6/2015,Clothing,1,"1,134.00","1,238.00",104
8/6/2015,Bikes,3,"2,320.00","2,539.00",219
8/6/2015,Accessories,2,700,930,230
8/6/2015,Accessories,2,90,125,35
8/6/2015,Accessories,2,875,"1,113.00",238
8/6/2015,Accessories,2,110,142,32
8/6/2015,Accessories,1,5,6,1
8/6/2015,Accessories,1,72,104,32
8/6/2015,Clothing,2,50,52,2
8/6/2015,Bikes,3,"2,320.00","2,193.00",-127
8/6/2015,Accessories,3,516,708,192
8/6/2015,Accessories,3,56,74,18
8/6/2015,Clothing,3,18,21,3
8/6/2015,Accessories,2,805,874,69
8/6/2015,Accessories,2,130,135,5
8/6/2015,Accessories,2,665,787,122
8/6/2015,Bikes,3,540,522,-18
8/7/2015,Accessories,3,40,55,15
8/7/2015,Accessories,1,10,12,2
8/7/2015,Accessories,2,48,68,20
8/7/2015,Clothing,1,"1,050.00","1,267.00",217
8/7/2015,Accessories,2,110,119,9
8/7/2015,Accessories,3,210,258,48
8/7/2015,Accessories,3,660,719,59
8/7/2015,Accessories,1,223,261,38
8/7/2015,Accessories,1,344,465,121
8/7/2015,Accessories,3,120,111,-9
8/7/2015,Accessories,1,57,56,-1
8/7/2015,Bikes,2,540,559,19
8/7/2015,Bikes,2,"2,295.00","2,203.00",-92
8/7/2015,Bikes,3,769,835,66
8/7/2015,Clothing,2,100,125,25
8/7/2015,Bikes,1,"2,320.00","2,246.00",-74
8/7/2015,Bikes,1,"2,295.00","2,924.00",629
8/7/2015,Clothing,1,950,979,29
8/8/2015,Bikes,1,"2,320.00","2,340.00",20
8/8/2015,Accessories,3,870,"1,023.00",153
8/8/2015,Accessories,3,5,6,1
8/8/2015,Accessories,3,2,2,0
8/8/2015,Clothing,2,972,"1,258.00",286
8/8/2015,Accessories,2,490,521,31
8/8/2015,Accessories,2,750,824,74
8/8/2015,Accessories,2,145,157,12
8/8/2015,Accessories,2,34,41,7
8/8/2015,Accessories,2,385,335,-50
8/8/2015,Accessories,3,875,986,111
8/8/2015,Clothing,1,500,543,43
8/8/2015,Accessories,3,174,168,-6
8/8/2015,Accessories,3,35,45,10
8/8/2015,Accessories,1,11,16,5
8/8/2015,Bikes,3,540,697,157
8/8/2015,Accessories,2,172,224,52
8/8/2015,Accessories,3,28,23,-5
8/8/2015,Accessories,2,145,122,-23
8/8/2015,Accessories,1,145,121,-24
8/8/2015,Accessories,2,980,"1,419.00",439
8/8/2015,Clothing,2,910,"1,206.00",296
8/8/2015,Bikes,2,"2,295.00","1,838.00",-457
8/8/2015,Bikes,2,"2,320.00","2,461.00",141
8/8/2015,Accessories,3,210,281,71
8/8/2015,Accessories,2,480,510,30
8/8/2015,Accessories,3,37,38,1
8/8/2015,Accessories,2,605,663,58
8/8/2015,Accessories,3,250,264,14
8/8/2015,Clothing,1,"1,470.00","1,391.00",-79
8/8/2015,Clothing,3,162,187,25
8/8/2015,Clothing,1,150,197,47
8/8/2015,Accessories,1,261,282,21
8/8/2015,Accessories,3,92,106,14
8/8/2015,Accessories,3,280,335,55
8/8/2015,Accessories,3,770,829,59
8/8/2015,Accessories,1,144,161,17
8/8/2015,Accessories,1,630,718,88
8/8/2015,Bikes,2,565,484,-81
8/8/2015,Accessories,3,80,119,39
8/8/2015,Accessories,1,57,67,10
8/8/2015,Accessories,3,90,122,32
8/8/2015,Clothing,1,261,354,93
8/8/2015,Bikes,1,"2,443.00","2,223.00",-220
8/8/2015,Accessories,2,135,154,19
8/8/2015,Accessories,1,270,277,7
8/8/2015,Accessories,2,126,128,2
8/8/2015,Accessories,3,40,44,4
8/9/2015,Bikes,3,"2,295.00","2,111.00",-184
8/9/2015,Clothing,1,153,144,-9
8/9/2015,Accessories,2,770,787,17
8/9/2015,Accessories,2,105,113,8
8/9/2015,Bikes,3,"2,295.00","2,219.00",-76
8/9/2015,Clothing,3,"1,100.00","1,307.00",207
8/9/2015,Accessories,2,210,285,75
8/9/2015,Accessories,2,435,623,188
8/9/2015,Accessories,3,10,10,0
8/9/2015,Accessories,1,60,48,-12
8/9/2015,Accessories,2,795,"1,078.00",283
8/9/2015,Bikes,3,"2,320.00","2,094.00",-226
8/9/2015,Accessories,1,64,80,16
8/9/2015,Accessories,3,30,34,4
8/9/2015,Accessories,1,980,"1,012.00",32
8/9/2015,Clothing,1,81,87,6
8/9/2015,Bikes,1,540,525,-15
8/9/2015,Accessories,1,408,337,-71
8/9/2015,Accessories,1,100,106,6
8/9/2015,Clothing,2,445,412,-33
8/9/2015,Clothing,3,243,334,91
8/9/2015,Accessories,2,29,32,3
8/9/2015,Accessories,3,85,96,11
8/9/2015,Accessories,2,735,984,249
8/9/2015,Bikes,1,"2,295.00","2,009.00",-286
8/9/2015,Bikes,2,540,595,55
8/9/2015,Accessories,2,20,22,2
8/9/2015,Accessories,3,35,36,1
8/9/2015,Accessories,2,60,68,8
8/9/2015,Bikes,3,769,764,-5
8/10/2015,Accessories,2,191,229,38
8/10/2015,Accessories,2,75,72,-3
8/10/2015,Accessories,2,200,222,22
8/10/2015,Accessories,1,420,475,55
8/10/2015,Accessories,1,150,154,4
8/10/2015,Accessories,2,55,65,10
8/10/2015,Clothing,1,445,470,25
8/10/2015,Accessories,3,41,49,8
8/10/2015,Clothing,1,144,149,5
8/10/2015,Accessories,3,45,61,16
8/10/2015,Accessories,3,191,217,26
8/10/2015,Bikes,2,"2,320.00","2,073.00",-247
8/10/2015,Accessories,1,350,396,46
8/10/2015,Accessories,1,66,74,8
8/11/2015,Accessories,2,910,"1,108.00",198
8/11/2015,Clothing,2,189,213,24
8/11/2015,Accessories,1,25,28,3
8/11/2015,Accessories,3,50,39,-11
8/11/2015,Accessories,1,200,241,41
8/11/2015,Accessories,1,525,498,-27
8/11/2015,Bikes,3,"2,384.00","2,662.00",278
8/11/2015,Clothing,2,50,55,5
8/11/2015,Bikes,1,"1,120.00","1,097.00",-23
8/11/2015,Accessories,3,70,78,8
8/11/2015,Accessories,2,25,33,8
8/11/2015,Accessories,1,56,70,14
8/11/2015,Accessories,2,62,77,15
8/12/2015,Accessories,3,140,169,29
8/12/2015,Accessories,1,700,712,12
8/12/2015,Clothing,1,171,190,19
8/12/2015,Bikes,3,742,770,28
8/12/2015,Bikes,1,"1,701.00","1,629.00",-72
8/12/2015,Accessories,3,116,153,37
8/12/2015,Bikes,2,"2,295.00","2,705.00",410
8/12/2015,Accessories,2,20,28,8
8/12/2015,Accessories,2,20,28,8
8/12/2015,Accessories,3,980,"1,205.00",225
8/12/2015,Bikes,3,"2,443.00","2,230.00",-213
8/12/2015,Clothing,1,234,287,53
8/12/2015,Accessories,2,20,21,1
8/12/2015,Accessories,1,420,435,15
8/12/2015,Clothing,3,810,913,103
8/12/2015,Accessories,1,537,622,85
8/12/2015,Accessories,1,20,22,2
8/12/2015,Accessories,1,575,666,91
8/12/2015,Accessories,3,80,92,12
8/12/2015,Accessories,1,840,"1,014.00",174
8/12/2015,Bikes,1,565,468,-97
8/12/2015,Clothing,1,600,593,-7
8/12/2015,Bikes,1,"2,320.00","2,316.00",-4
8/12/2015,Bikes,1,"1,120.00","1,071.00",-49
8/12/2015,Accessories,2,171,191,20
8/12/2015,Clothing,2,162,155,-7
8/12/2015,Accessories,2,110,122,12
8/12/2015,Bikes,2,"1,701.00","1,625.00",-76
8/12/2015,Accessories,3,200,205,5
8/12/2015,Accessories,3,25,27,2
8/12/2015,Accessories,2,525,538,13
8/12/2015,Accessories,1,9,9,0
8/12/2015,Accessories,3,120,130,10
8/12/2015,Accessories,2,16,18,2
8/13/2015,Bikes,1,"2,295.00","2,242.00",-53
8/13/2015,Accessories,3,105,114,9
8/13/2015,Accessories,2,32,38,6
8/13/2015,Bikes,3,769,738,-31
8/13/2015,Accessories,2,720,791,71
8/13/2015,Accessories,3,10,11,1
8/13/2015,Accessories,1,105,109,4
8/13/2015,Bikes,1,"2,320.00","2,063.00",-257
8/13/2015,Clothing,2,180,172,-8
8/13/2015,Accessories,1,245,255,10
8/13/2015,Accessories,3,870,"1,141.00",271
8/13/2015,Accessories,3,70,101,31
8/13/2015,Accessories,3,7,9,2
8/13/2015,Clothing,1,189,238,49
8/13/2015,Clothing,3,54,57,3
8/13/2015,Bikes,2,"2,320.00","2,576.00",256
8/13/2015,Accessories,1,50,50,0
8/13/2015,Accessories,2,40,29,-11
8/13/2015,Clothing,3,162,225,63
8/13/2015,Clothing,3,225,225,0
8/13/2015,Bikes,3,"1,120.00","1,096.00",-24
8/13/2015,Accessories,2,660,713,53
8/13/2015,Accessories,3,7,8,1
8/13/2015,Accessories,2,910,965,55
8/13/2015,Accessories,2,140,140,0
8/13/2015,Accessories,3,125,134,9
8/13/2015,Bikes,1,"2,320.00","1,984.00",-336
8/13/2015,Accessories,3,243,270,27
8/13/2015,Accessories,2,85,96,11
8/13/2015,Clothing,2,108,131,23
8/13/2015,Accessories,3,135,154,19
8/13/2015,Accessories,2,480,552,72
8/13/2015,Bikes,3,"2,320.00","2,093.00",-227
8/13/2015,Accessories,2,60,63,3
8/13/2015,Accessories,2,980,"1,092.00",112
8/14/2015,Accessories,3,"1,590.00","1,588.00",-2
8/14/2015,Accessories,1,522,667,145
8/14/2015,Accessories,1,150,195,45
8/14/2015,Accessories,2,350,409,59
8/14/2015,Accessories,3,945,"1,037.00",92
8/14/2015,Accessories,3,135,134,-1
8/14/2015,Accessories,2,50,60,10
8/14/2015,Bikes,2,"2,320.00","2,160.00",-160
8/14/2015,Accessories,3,70,72,2
8/14/2015,Accessories,1,190,255,65
8/14/2015,Accessories,2,80,108,28
8/14/2015,Accessories,1,385,540,155
8/14/2015,Accessories,3,28,28,0
8/14/2015,Accessories,3,64,80,16
8/14/2015,Clothing,1,500,582,82
8/14/2015,Accessories,3,135,181,46
8/14/2015,Accessories,1,"1,015.00","1,035.00",20
8/14/2015,Accessories,2,"1,050.00","1,357.00",307
8/14/2015,Bikes,1,"2,295.00","2,152.00",-143
8/15/2015,Clothing,2,200,209,9
8/15/2015,Clothing,2,126,93,-33
8/15/2015,Accessories,2,20,22,2
8/15/2015,Accessories,3,20,23,3
8/15/2015,Accessories,2,44,48,4
8/15/2015,Bikes,3,540,698,158
8/15/2015,Accessories,3,150,218,68
8/15/2015,Accessories,1,171,135,-36
8/15/2015,Accessories,1,88,140,52
8/15/2015,Accessories,1,385,583,198
8/15/2015,Clothing,2,"1,610.00","1,828.00",218
8/15/2015,Bikes,3,"2,320.00","1,901.00",-419
8/15/2015,Clothing,1,144,146,2
8/15/2015,Accessories,3,70,78,8
8/15/2015,Accessories,2,207,217,10
8/15/2015,Accessories,2,252,290,38
8/15/2015,Accessories,3,5,6,1
8/15/2015,Clothing,1,"1,750.00","1,957.00",207
8/15/2015,Accessories,3,130,143,13
8/15/2015,Accessories,1,76,86,10
8/16/2015,Accessories,1,910,928,18
8/16/2015,Bikes,1,"2,320.00","1,620.00",-700
8/16/2015,Accessories,2,260,214,-46
8/16/2015,Clothing,2,234,276,42
8/16/2015,Accessories,3,490,558,68
8/16/2015,Accessories,2,900,798,-102
8/16/2015,Accessories,1,125,102,-23
8/16/2015,Accessories,3,53,69,16
8/16/2015,Accessories,2,159,119,-40
8/16/2015,Accessories,2,150,110,-40
8/16/2015,Accessories,1,50,75,25
8/16/2015,Clothing,2,"1,588.00","1,510.00",-78
8/16/2015,Bikes,2,565,479,-86
8/16/2015,Accessories,2,980,"1,138.00",158
8/16/2015,Bikes,2,742,677,-65
8/16/2015,Clothing,2,243,239,-4
8/16/2015,Accessories,1,490,533,43
8/16/2015,Accessories,1,34,38,4
8/16/2015,Accessories,3,62,73,11
8/16/2015,Accessories,3,475,517,42
8/16/2015,Bikes,1,"1,215.00","1,136.00",-79
8/16/2015,Accessories,1,16,23,7
8/16/2015,Accessories,2,20,23,3
8/16/2015,Accessories,1,293,311,18
8/16/2015,Bikes,3,"2,320.00","2,175.00",-145
8/16/2015,Accessories,2,85,87,2
8/16/2015,Accessories,2,117,120,3
8/16/2015,Accessories,2,525,572,47
8/16/2015,Accessories,3,805,"1,039.00",234
8/16/2015,Accessories,2,60,84,24
8/16/2015,Accessories,1,27,29,2
8/16/2015,Accessories,3,115,117,2
8/17/2015,Clothing,1,850,900,50
8/17/2015,Clothing,3,261,249,-12
8/17/2015,Bikes,1,"2,295.00","2,094.00",-201
8/17/2015,Bikes,3,"2,384.00","2,914.00",530
8/17/2015,Accessories,2,406,430,24
8/17/2015,Accessories,1,30,36,6
8/17/2015,Accessories,3,770,"1,126.00",356
8/17/2015,Accessories,2,210,251,41
8/17/2015,Accessories,2,"1,272.00","1,429.00",157
8/17/2015,Accessories,1,"1,015.00","1,195.00",180
8/17/2015,Accessories,2,50,59,9
8/17/2015,Clothing,3,"2,030.00","2,079.00",49
8/17/2015,Clothing,1,9,11,2
8/17/2015,Clothing,2,63,70,7
8/17/2015,Accessories,3,685,803,118
8/17/2015,Clothing,1,70,60,-10
8/17/2015,Clothing,2,826,740,-86
8/17/2015,Accessories,1,100,112,12
8/17/2015,Accessories,3,39,42,3
8/17/2015,Bikes,1,769,651,-118
8/17/2015,Accessories,3,125,138,13
8/17/2015,Accessories,1,44,52,8
8/17/2015,Accessories,2,50,48,-2
8/17/2015,Accessories,1,770,824,54
8/18/2015,Accessories,3,455,544,89
8/18/2015,Accessories,3,"1,540.00","1,662.00",122
8/18/2015,Bikes,3,"2,320.00","2,729.00",409
8/18/2015,Accessories,2,250,265,15
8/18/2015,Accessories,2,770,964,194
8/18/2015,Bikes,1,"2,295.00","2,235.00",-60
8/18/2015,Clothing,3,63,61,-2
8/18/2015,Accessories,3,261,284,23
8/18/2015,Accessories,1,55,62,7
8/18/2015,Accessories,2,385,404,19
8/18/2015,Clothing,1,"1,150.00","1,289.00",139
8/18/2015,Accessories,1,490,712,222
8/18/2015,Clothing,1,72,66,-6
8/18/2015,Bikes,3,540,643,103
8/18/2015,Bikes,3,"1,120.00",980,-140
8/18/2015,Clothing,3,864,"1,439.00",575
8/18/2015,Clothing,3,153,160,7
8/18/2015,Bikes,3,"2,320.00","2,228.00",-92
8/18/2015,Bikes,3,"2,295.00","1,903.00",-392
8/18/2015,Accessories,2,350,342,-8
8/18/2015,Accessories,2,95,109,14
8/18/2015,Bikes,2,"1,701.00","1,533.00",-168
8/18/2015,Accessories,1,55,65,10
8/18/2015,Accessories,1,216,239,23
8/18/2015,Accessories,2,175,175,0
8/18/2015,Clothing,2,950,"1,095.00",145
8/18/2015,Accessories,2,525,612,87
8/18/2015,Bikes,1,"2,384.00","2,984.00",600
8/18/2015,Accessories,3,153,198,45
8/18/2015,Accessories,2,85,109,24
8/18/2015,Clothing,2,18,18,0
8/18/2015,Bikes,3,540,427,-113
8/19/2015,Clothing,1,486,334,-152
8/19/2015,Accessories,2,910,896,-14
8/19/2015,Accessories,3,490,563,73
8/19/2015,Accessories,3,30,33,3
8/19/2015,Accessories,1,875,874,-1
8/19/2015,Bikes,1,"2,384.00","3,215.00",831
8/19/2015,Accessories,3,840,706,-134
8/19/2015,Clothing,2,72,107,35
8/19/2015,Accessories,3,430,601,171
8/19/2015,Clothing,1,"1,080.00","1,202.00",122
8/19/2015,Bikes,1,540,453,-87
8/19/2015,Accessories,3,525,569,44
8/19/2015,Clothing,2,100,117,17
8/19/2015,Clothing,1,"1,470.00","1,493.00",23
8/19/2015,Clothing,3,216,224,8
8/19/2015,Bikes,1,"2,295.00","2,109.00",-186
8/19/2015,Clothing,3,"1,100.00","1,169.00",69
8/19/2015,Bikes,3,"2,443.00","2,557.00",114
8/19/2015,Accessories,1,945,"1,035.00",90
8/19/2015,Bikes,3,540,488,-52
8/19/2015,Accessories,3,115,132,17
8/19/2015,Accessories,2,875,874,-1
8/19/2015,Accessories,1,39,42,3
8/20/2015,Clothing,3,400,483,83
8/20/2015,Clothing,2,150,146,-4
8/20/2015,Bikes,2,"2,295.00","2,323.00",28
8/20/2015,Bikes,2,769,942,173
8/20/2015,Accessories,1,840,904,64
8/20/2015,Accessories,3,360,371,11
8/20/2015,Accessories,3,9,9,0
8/20/2015,Accessories,1,120,87,-33
8/20/2015,Accessories,2,315,306,-9
8/20/2015,Clothing,3,171,131,-40
8/20/2015,Clothing,3,"1,000.00","1,159.00",159
8/20/2015,Accessories,1,70,80,10
8/20/2015,Accessories,3,53,61,8
8/20/2015,Bikes,3,769,715,-54
8/20/2015,Accessories,2,385,423,38
8/20/2015,Accessories,2,420,480,60
8/20/2015,Accessories,3,315,354,39
8/20/2015,Accessories,3,30,44,14
8/20/2015,Accessories,1,53,79,26
8/20/2015,Accessories,1,75,88,13
8/20/2015,Clothing,2,280,323,43
8/20/2015,Accessories,3,700,692,-8
8/21/2015,Clothing,2,"1,188.00","1,139.00",-49
8/21/2015,Accessories,1,175,182,7
8/21/2015,Accessories,3,90,99,9
8/21/2015,Accessories,2,315,366,51
8/21/2015,Accessories,3,15,16,1
8/21/2015,Accessories,3,805,843,38
8/21/2015,Accessories,3,55,53,-2
8/21/2015,Accessories,1,175,178,3
8/21/2015,Bikes,2,"2,320.00","2,177.00",-143
8/21/2015,Accessories,3,210,244,34
8/21/2015,Accessories,1,50,58,8
8/21/2015,Bikes,1,"1,120.00","1,266.00",146
8/21/2015,Accessories,2,100,111,11
8/21/2015,Accessories,3,64,76,12
8/21/2015,Accessories,3,21,21,0
8/21/2015,Accessories,2,60,83,23
8/21/2015,Accessories,2,595,804,209
8/21/2015,Accessories,2,145,203,58
8/21/2015,Accessories,1,630,867,237
8/21/2015,Accessories,2,55,74,19
8/21/2015,Accessories,3,110,138,28
8/21/2015,Accessories,3,171,172,1
8/21/2015,Accessories,3,50,58,8
8/21/2015,Accessories,2,980,992,12
8/21/2015,Accessories,2,630,661,31
8/21/2015,Clothing,1,54,50,-4
8/21/2015,Accessories,1,385,460,75
8/21/2015,Clothing,1,"1,050.00","1,112.00",62
8/21/2015,Clothing,2,810,846,36
8/21/2015,Bikes,2,"1,120.00","1,111.00",-9
8/22/2015,Bikes,1,"2,295.00","2,297.00",2
8/22/2015,Bikes,2,"2,295.00","2,328.00",33
8/22/2015,Accessories,1,301,349,48
8/22/2015,Accessories,1,27,32,5
8/22/2015,Clothing,3,648,820,172
8/22/2015,Accessories,3,50,52,2
8/22/2015,Accessories,2,840,956,116
8/22/2015,Accessories,2,840,923,83
8/22/2015,Accessories,1,199,190,-9
8/22/2015,Clothing,3,"1,350.00","1,883.00",533
8/22/2015,Clothing,3,"1,330.00","1,105.00",-225
8/22/2015,Clothing,1,300,478,178
8/22/2015,Clothing,3,63,73,10
8/22/2015,Accessories,3,945,985,40
8/22/2015,Accessories,3,300,318,18
8/22/2015,Accessories,3,183,204,21
8/22/2015,Accessories,2,30,34,4
8/22/2015,Accessories,3,60,67,7
8/23/2015,Bikes,1,"2,320.00","2,344.00",24
8/23/2015,Accessories,3,595,818,223
8/23/2015,Accessories,3,293,299,6
8/23/2015,Accessories,3,112,122,10
8/23/2015,Accessories,2,812,941,129
8/23/2015,Accessories,1,15,15,0
8/23/2015,Clothing,2,216,279,63
8/23/2015,Bikes,2,"2,295.00","2,127.00",-168
8/23/2015,Clothing,3,"1,270.00","1,344.00",74
8/23/2015,Bikes,3,565,489,-76
8/23/2015,Accessories,3,175,210,35
8/23/2015,Accessories,3,240,302,62
8/23/2015,Accessories,1,910,"1,168.00",258
8/24/2015,Bikes,3,"2,295.00","2,131.00",-164
8/24/2015,Accessories,3,980,"1,106.00",126
8/24/2015,Accessories,3,551,722,171
8/24/2015,Accessories,2,25,36,11
8/24/2015,Accessories,2,46,60,14
8/24/2015,Accessories,2,16,19,3
8/24/2015,Accessories,2,196,186,-10
8/24/2015,Bikes,1,"2,320.00","2,290.00",-30
8/24/2015,Accessories,2,318,375,57
8/24/2015,Accessories,2,735,780,45
8/24/2015,Clothing,2,270,308,38
8/24/2015,Accessories,2,935,"1,017.00",82
8/24/2015,Bikes,1,"2,320.00","2,460.00",140
8/24/2015,Accessories,3,160,200,40
8/24/2015,Accessories,3,72,97,25
8/24/2015,Clothing,1,"1,610.00","1,964.00",354
8/24/2015,Bikes,2,769,699,-70
8/24/2015,Bikes,2,"1,120.00","1,090.00",-30
8/24/2015,Bikes,2,"2,295.00","2,310.00",15
8/24/2015,Accessories,1,55,60,5
8/24/2015,Accessories,2,140,158,18
8/24/2015,Bikes,2,"2,295.00","2,214.00",-81
8/25/2015,Bikes,3,"2,320.00","2,046.00",-274
8/25/2015,Accessories,3,37,36,-1
8/25/2015,Clothing,1,63,69,6
8/25/2015,Bikes,3,"2,295.00","2,486.00",191
8/25/2015,Accessories,1,105,122,17
8/25/2015,Accessories,2,35,39,4
8/25/2015,Accessories,3,14,15,1
8/25/2015,Accessories,2,"1,015.00","1,167.00",152
8/25/2015,Accessories,1,90,89,-1
8/25/2015,Accessories,3,53,57,4
8/25/2015,Accessories,2,"1,050.00","1,124.00",74
8/25/2015,Clothing,2,"1,100.00","1,118.00",18
8/25/2015,Accessories,3,385,335,-50
8/25/2015,Accessories,3,120,180,60
8/25/2015,Accessories,3,21,27,6
8/25/2015,Accessories,3,40,36,-4
8/25/2015,Clothing,2,261,263,2
8/25/2015,Clothing,1,117,142,25
8/25/2015,Bikes,1,"1,120.00","1,176.00",56
8/25/2015,Clothing,2,"1,134.00","1,460.00",326
8/25/2015,Clothing,1,270,269,-1
8/25/2015,Bikes,3,"2,295.00","2,341.00",46
8/25/2015,Accessories,2,25,29,4
8/25/2015,Accessories,2,87,104,17
8/25/2015,Accessories,2,25,27,2
8/25/2015,Accessories,1,10,14,4
8/25/2015,Accessories,2,27,34,7
8/25/2015,Accessories,1,40,57,17
8/25/2015,Accessories,1,55,61,6
8/25/2015,Accessories,1,153,171,18
8/25/2015,Accessories,2,350,423,73
8/25/2015,Bikes,1,"2,443.00","2,848.00",405
8/26/2015,Accessories,2,350,483,133
8/26/2015,Accessories,1,580,778,198
8/26/2015,Accessories,1,135,184,49
8/26/2015,Bikes,2,540,555,15
8/26/2015,Accessories,2,175,178,3
8/26/2015,Bikes,3,"2,295.00","2,008.00",-287
8/26/2015,Accessories,2,630,595,-35
8/26/2015,Accessories,1,30,38,8
8/26/2015,Accessories,1,69,71,2
8/26/2015,Accessories,1,80,111,31
8/26/2015,Bikes,2,742,947,205
8/26/2015,Accessories,3,315,447,132
8/26/2015,Accessories,3,945,"1,185.00",240
8/26/2015,Accessories,2,105,139,34
8/26/2015,Accessories,1,270,198,-72
8/26/2015,Accessories,1,40,36,-4
8/26/2015,Accessories,3,280,272,-8
8/26/2015,Bikes,2,"2,295.00","2,006.00",-289
8/26/2015,Accessories,3,35,39,4
8/26/2015,Bikes,1,"2,384.00","2,488.00",104
8/26/2015,Accessories,2,945,"1,253.00",308
8/26/2015,Clothing,1,50,50,0
8/26/2015,Bikes,2,"1,120.00",996,-124
8/26/2015,Accessories,1,135,180,45
8/26/2015,Accessories,1,350,394,44
8/26/2015,Accessories,1,39,45,6
8/26/2015,Accessories,2,105,115,10
8/26/2015,Accessories,2,275,297,22
8/27/2015,Accessories,1,315,345,30
8/27/2015,Accessories,2,359,365,6
8/27/2015,Accessories,3,175,197,22
8/27/2015,Accessories,2,464,488,24
8/27/2015,Clothing,3,126,132,6
8/27/2015,Accessories,1,29,32,3
8/27/2015,Accessories,3,130,143,13
8/27/2015,Accessories,2,5,4,-1
8/27/2015,Accessories,3,153,155,2
8/27/2015,Accessories,1,33,32,-1
8/27/2015,Accessories,1,8,9,1
8/27/2015,Clothing,2,27,24,-3
8/27/2015,Clothing,3,108,121,13
8/27/2015,Bikes,1,"2,295.00","2,233.00",-62
8/27/2015,Accessories,2,70,91,21
8/27/2015,Accessories,2,5,7,2
8/27/2015,Accessories,3,630,838,208
8/27/2015,Bikes,1,540,538,-2
8/27/2015,Accessories,1,270,278,8
8/27/2015,Bikes,1,540,472,-68
8/27/2015,Accessories,3,260,246,-14
8/27/2015,Accessories,2,140,161,21
8/27/2015,Clothing,2,207,172,-35
8/27/2015,Accessories,3,945,"1,067.00",122
8/27/2015,Accessories,3,95,93,-2
8/27/2015,Accessories,2,57,56,-1
8/27/2015,Accessories,2,65,71,6
8/27/2015,Accessories,1,350,349,-1
8/28/2015,Bikes,2,"2,295.00","2,149.00",-146
8/28/2015,Bikes,3,"2,295.00","2,757.00",462
8/28/2015,Accessories,2,30,34,4
8/28/2015,Accessories,1,420,517,97
8/28/2015,Accessories,1,245,247,2
8/28/2015,Accessories,3,40,41,1
8/28/2015,Accessories,3,945,"1,053.00",108
8/28/2015,Accessories,1,945,"1,033.00",88
8/28/2015,Accessories,2,37,38,1
8/28/2015,Clothing,1,"1,300.00","1,344.00",44
8/28/2015,Bikes,3,"2,320.00","2,277.00",-43
8/28/2015,Accessories,1,455,489,34
8/28/2015,Accessories,3,638,632,-6
8/28/2015,Accessories,2,40,47,7
8/28/2015,Accessories,2,490,660,170
8/28/2015,Accessories,2,525,583,58
8/28/2015,Accessories,1,60,76,16
8/28/2015,Accessories,3,980,"1,074.00",94
8/28/2015,Accessories,3,587,700,113
8/28/2015,Accessories,2,18,19,1
8/28/2015,Bikes,2,"2,295.00","2,073.00",-222
8/28/2015,Bikes,2,"1,120.00","1,098.00",-22
8/28/2015,Accessories,3,385,395,10
8/28/2015,Accessories,2,144,173,29
8/29/2015,Accessories,2,954,"1,049.00",95
8/29/2015,Accessories,3,"1,015.00","1,052.00",37
8/29/2015,Accessories,1,7,8,1
8/29/2015,Accessories,3,175,214,39
8/29/2015,Accessories,2,450,486,36
8/29/2015,Accessories,1,700,772,72
8/29/2015,Bikes,2,"1,701.00","1,566.00",-135
8/29/2015,Clothing,2,300,314,14
8/29/2015,Clothing,3,234,307,73
8/29/2015,Bikes,2,"2,295.00","2,709.00",414
8/29/2015,Accessories,2,805,952,147
8/29/2015,Bikes,3,"1,120.00","1,446.00",326
8/29/2015,Accessories,3,126,139,13
8/29/2015,Accessories,2,55,45,-10
8/29/2015,Accessories,2,770,606,-164
8/29/2015,Accessories,2,70,90,20
8/29/2015,Accessories,2,377,382,5
8/29/2015,Accessories,3,69,94,25
8/29/2015,Bikes,1,"2,295.00","2,408.00",113
8/29/2015,Accessories,2,"1,015.00","1,135.00",120
8/29/2015,Clothing,1,"1,026.00","1,055.00",29
8/29/2015,Clothing,3,72,72,0
8/29/2015,Bikes,2,769,722,-47
8/29/2015,Accessories,3,805,908,103
8/29/2015,Accessories,3,525,605,80
8/29/2015,Bikes,3,"1,120.00","1,022.00",-98
8/29/2015,Accessories,1,95,102,7
8/29/2015,Accessories,3,770,842,72
8/30/2015,Accessories,3,210,218,8
8/30/2015,Bikes,2,769,730,-39
8/30/2015,Accessories,1,64,65,1
8/30/2015,Accessories,1,652,720,68
8/30/2015,Accessories,3,"1,540.00","1,825.00",285
8/30/2015,Accessories,1,88,134,46
8/30/2015,Accessories,1,500,674,174
8/30/2015,Accessories,3,875,"1,276.00",401
8/30/2015,Bikes,1,"1,120.00",969,-151
8/30/2015,Accessories,1,735,"1,014.00",279
8/30/2015,Bikes,1,"2,320.00","1,568.00",-752
8/30/2015,Accessories,3,35,41,6
8/30/2015,Accessories,3,"1,050.00","1,182.00",132
8/30/2015,Accessories,3,20,21,1
8/30/2015,Clothing,3,210,189,-21
8/30/2015,Clothing,1,"1,500.00","1,853.00",353
8/30/2015,Accessories,2,15,17,2
8/30/2015,Clothing,1,81,79,-2
8/30/2015,Clothing,3,"1,960.00","2,200.00",240
8/30/2015,Clothing,2,750,732,-18
8/30/2015,Accessories,2,455,527,72
8/30/2015,Accessories,2,215,227,12
8/30/2015,Accessories,3,62,69,7
8/31/2015,Accessories,3,231,235,4
8/31/2015,Accessories,1,150,156,6
8/31/2015,Accessories,3,2,2,0
8/31/2015,Accessories,3,805,926,121
8/31/2015,Accessories,1,"1,015.00","1,127.00",112
8/31/2015,Accessories,2,27,31,4
8/31/2015,Bikes,3,"2,295.00","1,967.00",-328
8/31/2015,Bikes,3,"2,295.00","2,315.00",20
8/31/2015,Accessories,1,525,612,87
8/31/2015,Clothing,1,650,627,-23
8/31/2015,Accessories,3,20,20,0
8/31/2015,Accessories,3,190,150,-40
8/31/2015,Clothing,3,918,"1,341.00",423
8/31/2015,Accessories,1,85,127,42
8/31/2015,Accessories,1,69,59,-10
8/31/2015,Clothing,1,99,94,-5
8/31/2015,Accessories,3,30,35,5
8/31/2015,Accessories,1,153,174,21
8/31/2015,Bikes,3,"2,384.00","2,596.00",212
8/31/2015,Accessories,2,595,769,174
8/31/2015,Clothing,2,826,928,102
9/1/2015,Clothing,2,500,709,209
9/1/2015,Bikes,2,"2,295.00","2,699.00",404
9/1/2015,Accessories,1,125,174,49
9/1/2015,Accessories,2,9,13,4
9/1/2015,Accessories,2,8,9,1
9/1/2015,Clothing,1,594,536,-58
9/1/2015,Clothing,1,54,52,-2
9/1/2015,Accessories,3,40,47,7
9/1/2015,Clothing,1,350,360,10
9/1/2015,Accessories,2,12,15,3
9/1/2015,Accessories,1,180,195,15
9/1/2015,Accessories,1,150,174,24
9/1/2015,Accessories,2,525,641,116
9/2/2015,Bikes,1,"2,443.00","2,318.00",-125
9/2/2015,Accessories,1,35,36,1
9/2/2015,Bikes,3,"2,295.00","2,402.00",107
9/2/2015,Accessories,2,70,78,8
9/2/2015,Accessories,2,"1,050.00","1,008.00",-42
9/2/2015,Accessories,2,910,"1,020.00",110
9/2/2015,Clothing,2,216,211,-5
9/2/2015,Bikes,2,"2,320.00","2,706.00",386
9/2/2015,Accessories,3,260,344,84
9/2/2015,Accessories,2,120,151,31
9/2/2015,Accessories,3,910,"1,276.00",366
9/2/2015,Clothing,2,"1,200.00","1,616.00",416
9/2/2015,Clothing,2,27,34,7
9/2/2015,Bikes,2,"2,320.00","2,217.00",-103
9/2/2015,Bikes,1,"2,443.00","2,756.00",313
9/2/2015,Accessories,3,55,65,10
9/2/2015,Accessories,2,252,358,106
9/2/2015,Accessories,1,"1,050.00","1,024.00",-26
9/2/2015,Clothing,2,600,552,-48
9/2/2015,Clothing,2,864,"1,191.00",327
9/2/2015,Bikes,3,"1,701.00","1,124.00",-577
9/2/2015,Accessories,3,150,194,44
9/2/2015,Accessories,3,35,31,-4
9/2/2015,Accessories,1,34,50,16
9/2/2015,Accessories,2,450,651,201
9/2/2015,Bikes,2,769,975,206
9/2/2015,Bikes,1,540,453,-87
9/2/2015,Accessories,2,70,81,11
9/2/2015,Bikes,2,540,434,-106
9/2/2015,Accessories,2,70,79,9
9/2/2015,Bikes,1,769,796,27
9/2/2015,Clothing,3,572,510,-62
9/2/2015,Accessories,2,80,94,14
9/2/2015,Accessories,2,490,570,80
9/2/2015,Bikes,2,540,487,-53
9/2/2015,Accessories,3,65,70,5
9/2/2015,Accessories,3,780,935,155
9/3/2015,Accessories,2,510,595,85
9/3/2015,Accessories,3,145,147,2
9/3/2015,Bikes,1,"2,295.00","2,133.00",-162
9/3/2015,Accessories,2,105,113,8
9/3/2015,Accessories,3,36,41,5
9/3/2015,Accessories,2,172,193,21
9/3/2015,Accessories,3,27,34,7
9/3/2015,Accessories,3,350,486,136
9/3/2015,Accessories,1,20,27,7
9/3/2015,Accessories,1,425,471,46
9/3/2015,Clothing,2,"1,610.00","1,804.00",194
9/3/2015,Bikes,1,742,597,-145
9/3/2015,Accessories,3,35,37,2
9/3/2015,Bikes,1,769,709,-60
9/3/2015,Clothing,2,180,181,1
9/3/2015,Bikes,1,"1,120.00","1,087.00",-33
9/3/2015,Accessories,2,108,125,17
9/3/2015,Accessories,3,375,408,33
9/3/2015,Accessories,1,50,55,5
9/3/2015,Clothing,3,450,438,-12
9/3/2015,Clothing,2,"1,470.00","1,992.00",522
9/3/2015,Clothing,1,550,634,84
9/3/2015,Clothing,2,"1,610.00","2,026.00",416
9/4/2015,Clothing,2,972,"1,071.00",99
9/4/2015,Clothing,3,180,187,7
9/4/2015,Clothing,1,756,870,114
9/4/2015,Accessories,2,33,35,2
9/4/2015,Accessories,3,12,13,1
9/4/2015,Clothing,1,"1,080.00","1,252.00",172
9/4/2015,Accessories,3,245,195,-50
9/4/2015,Bikes,3,"2,384.00","1,873.00",-511
9/4/2015,Accessories,1,90,128,38
9/4/2015,Accessories,2,234,242,8
9/4/2015,Accessories,2,150,116,-34
9/4/2015,Accessories,2,175,144,-31
9/4/2015,Accessories,2,120,152,32
9/4/2015,Accessories,2,400,363,-37
9/4/2015,Bikes,2,"2,443.00","2,389.00",-54
9/4/2015,Accessories,2,280,365,85
9/4/2015,Bikes,2,769,760,-9
9/4/2015,Bikes,3,540,482,-58
9/4/2015,Bikes,2,"2,443.00","2,785.00",342
9/4/2015,Clothing,2,270,278,8
9/5/2015,Accessories,3,495,593,98
9/5/2015,Bikes,3,742,640,-102
9/5/2015,Clothing,2,189,218,29
9/5/2015,Accessories,1,425,437,12
9/5/2015,Accessories,1,50,55,5
9/5/2015,Accessories,2,300,445,145
9/5/2015,Accessories,2,10,13,3
9/5/2015,Accessories,2,11,10,-1
9/5/2015,Bikes,3,742,564,-178
9/5/2015,Accessories,1,140,167,27
9/5/2015,Bikes,1,"2,320.00","2,338.00",18
9/5/2015,Accessories,3,175,199,24
9/5/2015,Accessories,3,385,506,121
9/5/2015,Clothing,1,18,22,4
9/5/2015,Bikes,3,"2,295.00","2,200.00",-95
9/5/2015,Accessories,3,660,828,168
9/5/2015,Accessories,3,145,184,39
9/5/2015,Bikes,2,"2,295.00","2,059.00",-236
9/5/2015,Accessories,3,652,741,89
9/6/2015,Accessories,2,50,53,3
9/6/2015,Clothing,2,117,124,7
9/6/2015,Bikes,2,"2,320.00","2,677.00",357
9/6/2015,Accessories,2,180,230,50
9/6/2015,Accessories,3,130,180,50
9/6/2015,Bikes,3,"2,295.00","2,272.00",-23
9/6/2015,Accessories,2,110,130,20
9/6/2015,Accessories,1,420,462,42
9/6/2015,Clothing,3,350,289,-61
9/6/2015,Clothing,1,171,210,39
9/6/2015,Bikes,3,"2,295.00","2,046.00",-249
9/6/2015,Accessories,1,490,563,73
9/6/2015,Accessories,2,490,466,-24
9/6/2015,Accessories,3,34,35,1
9/6/2015,Accessories,1,665,764,99
9/6/2015,Accessories,1,913,"1,040.00",127
9/6/2015,Accessories,3,560,644,84
9/6/2015,Accessories,2,945,"1,099.00",154
9/6/2015,Accessories,2,25,30,5
9/6/2015,Bikes,1,"2,384.00","3,014.00",630
9/6/2015,Accessories,2,525,644,119
9/6/2015,Accessories,2,10,10,0
9/6/2015,Accessories,3,425,486,61
9/6/2015,Accessories,2,280,308,28
9/7/2015,Accessories,3,980,"1,297.00",317
9/7/2015,Accessories,3,280,306,26
9/7/2015,Accessories,3,48,52,4
9/7/2015,Clothing,1,550,526,-24
9/7/2015,Accessories,2,115,129,14
9/7/2015,Accessories,1,350,338,-12
9/7/2015,Accessories,3,280,290,10
9/7/2015,Accessories,1,84,102,18
9/7/2015,Accessories,3,978,"1,140.00",162
9/7/2015,Accessories,3,560,632,72
9/7/2015,Accessories,1,385,513,128
9/7/2015,Accessories,1,490,601,111
9/7/2015,Bikes,2,"2,384.00","2,549.00",165
9/7/2015,Accessories,2,783,622,-161
9/7/2015,Accessories,1,25,37,12
9/7/2015,Accessories,2,174,210,36
9/7/2015,Accessories,1,100,82,-18
9/7/2015,Clothing,3,950,"1,296.00",346
9/7/2015,Bikes,2,"2,384.00","2,466.00",82
9/7/2015,Clothing,2,"1,461.00","1,379.00",-82
9/7/2015,Clothing,3,81,88,7
9/7/2015,Bikes,2,"2,384.00","2,396.00",12
9/7/2015,Bikes,2,"2,295.00","2,281.00",-14
9/8/2015,Accessories,2,40,56,16
9/8/2015,Accessories,2,41,56,15
9/8/2015,Accessories,3,21,24,3
9/8/2015,Clothing,1,162,178,16
9/8/2015,Accessories,2,130,146,16
9/8/2015,Accessories,1,210,231,21
9/8/2015,Accessories,3,245,250,5
9/8/2015,Accessories,2,75,86,11
9/8/2015,Accessories,3,210,210,0
9/8/2015,Clothing,2,50,55,5
9/8/2015,Accessories,1,60,83,23
9/8/2015,Accessories,3,135,141,6
9/8/2015,Accessories,1,638,688,50
9/8/2015,Accessories,1,46,50,4
9/8/2015,Accessories,2,70,95,25
9/8/2015,Clothing,3,"1,842.00","2,028.00",186
9/8/2015,Accessories,3,330,485,155
9/8/2015,Accessories,2,330,334,4
9/8/2015,Accessories,2,10,11,1
9/8/2015,Bikes,2,"1,215.00","1,184.00",-31
9/8/2015,Bikes,2,"2,320.00","2,087.00",-233
9/8/2015,Clothing,1,910,908,-2
9/8/2015,Bikes,2,"2,384.00","2,734.00",350
9/8/2015,Accessories,3,210,274,64
9/8/2015,Clothing,2,63,87,24
9/8/2015,Clothing,3,"1,750.00","2,416.00",666
9/8/2015,Clothing,1,700,996,296
9/8/2015,Bikes,1,"2,320.00","2,010.00",-310
9/9/2015,Accessories,1,111,115,4
9/9/2015,Accessories,1,735,587,-148
9/9/2015,Bikes,2,742,997,255
9/9/2015,Accessories,3,"1,015.00","1,012.00",-3
9/9/2015,Accessories,2,90,92,2
9/9/2015,Bikes,1,"2,320.00","2,179.00",-141
9/9/2015,Accessories,3,210,261,51
9/9/2015,Clothing,2,72,91,19
9/9/2015,Bikes,1,"2,320.00","1,774.00",-546
9/9/2015,Clothing,3,90,76,-14
9/9/2015,Accessories,3,140,119,-21
9/9/2015,Bikes,3,"2,295.00","2,122.00",-173
9/9/2015,Accessories,1,70,80,10
9/9/2015,Accessories,2,100,129,29
9/9/2015,Accessories,3,455,390,-65
9/9/2015,Bikes,2,"2,384.00","2,819.00",435
9/9/2015,Accessories,2,9,9,0
9/9/2015,Accessories,3,105,86,-19
9/9/2015,Clothing,2,153,134,-19
9/9/2015,Accessories,1,250,201,-49
9/9/2015,Accessories,2,135,102,-33
9/9/2015,Clothing,2,90,117,27
9/9/2015,Bikes,3,"2,295.00","1,966.00",-329
9/9/2015,Accessories,2,665,746,81
9/9/2015,Bikes,2,"2,320.00","2,078.00",-242
9/9/2015,Accessories,2,700,944,244
9/9/2015,Accessories,2,87,97,10
9/9/2015,Accessories,3,145,152,7
9/9/2015,Accessories,2,151,179,28
9/9/2015,Accessories,3,35,37,2
9/9/2015,Clothing,3,90,97,7
9/9/2015,Accessories,3,"1,375.00","1,588.00",213
9/9/2015,Accessories,2,605,714,109
9/9/2015,Clothing,2,140,155,15
9/9/2015,Bikes,3,"2,320.00","2,116.00",-204
9/9/2015,Clothing,3,700,856,156
9/9/2015,Clothing,2,"1,470.00","1,514.00",44
9/9/2015,Accessories,3,180,238,58
9/9/2015,Accessories,3,75,107,32
9/9/2015,Clothing,2,"1,188.00","1,684.00",496
9/9/2015,Clothing,1,261,300,39
9/9/2015,Bikes,2,"2,295.00","2,116.00",-179
9/9/2015,Bikes,3,565,526,-39
9/9/2015,Bikes,1,"2,295.00","2,007.00",-288
9/10/2015,Bikes,1,769,776,7
9/10/2015,Accessories,2,840,"1,045.00",205
9/10/2015,Accessories,2,66,78,12
9/10/2015,Clothing,1,252,304,52
9/10/2015,Accessories,2,58,67,9
9/10/2015,Accessories,3,80,92,12
9/10/2015,Accessories,2,62,72,10
9/10/2015,Bikes,3,"2,295.00","2,374.00",79
9/10/2015,Accessories,3,"1,590.00","1,609.00",19
9/10/2015,Bikes,2,"2,320.00","1,824.00",-496
9/10/2015,Clothing,3,"1,080.00","1,025.00",-55
9/10/2015,Bikes,1,"2,384.00","1,766.00",-618
9/10/2015,Accessories,1,144,172,28
9/10/2015,Clothing,1,750,809,59
9/10/2015,Bikes,3,"2,320.00","2,857.00",537
9/10/2015,Accessories,1,25,34,9
9/10/2015,Bikes,1,"1,215.00","1,090.00",-125
9/10/2015,Accessories,2,387,387,0
9/10/2015,Accessories,3,60,52,-8
9/10/2015,Accessories,3,14,15,1
9/10/2015,Accessories,1,172,135,-37
9/10/2015,Accessories,3,84,97,13
9/10/2015,Accessories,2,25,30,5
9/10/2015,Clothing,2,162,159,-3
9/10/2015,Bikes,3,"1,215.00","1,453.00",238
9/10/2015,Accessories,2,70,83,13
9/10/2015,Accessories,3,910,985,75
9/10/2015,Bikes,1,540,472,-68
9/10/2015,Bikes,1,540,517,-23
9/10/2015,Accessories,3,420,474,54
9/10/2015,Clothing,1,"1,330.00","1,497.00",167
9/10/2015,Bikes,1,769,694,-75
9/10/2015,Clothing,1,972,"1,020.00",48
9/10/2015,Accessories,1,87,97,10
9/10/2015,Accessories,2,150,164,14
9/11/2015,Accessories,1,300,317,17
9/11/2015,Bikes,3,"2,320.00","2,087.00",-233
9/11/2015,Bikes,3,"2,295.00","2,901.00",606
9/11/2015,Accessories,3,525,739,214
9/11/2015,Accessories,2,70,90,20
9/11/2015,Bikes,1,540,487,-53
9/11/2015,Clothing,1,45,43,-2
9/11/2015,Bikes,3,"1,120.00",941,-179
9/11/2015,Accessories,1,525,569,44
9/11/2015,Accessories,3,35,49,14
9/11/2015,Accessories,3,18,21,3
9/11/2015,Accessories,1,"1,272.00","1,295.00",23
9/11/2015,Bikes,2,540,592,52
9/11/2015,Accessories,2,95,95,0
9/11/2015,Clothing,1,"1,350.00","1,366.00",16
9/11/2015,Accessories,3,250,245,-5
9/11/2015,Accessories,3,112,117,5
9/11/2015,Accessories,2,350,393,43
9/11/2015,Accessories,3,159,221,62
9/11/2015,Clothing,3,635,712,77
9/11/2015,Accessories,3,10,11,1
9/11/2015,Accessories,2,65,76,11
9/11/2015,Accessories,2,35,37,2
9/12/2015,Accessories,3,945,"1,092.00",147
9/12/2015,Clothing,2,"1,200.00","1,198.00",-2
9/12/2015,Accessories,3,350,427,77
9/12/2015,Accessories,3,20,22,2
9/12/2015,Accessories,2,239,269,30
9/12/2015,Accessories,1,100,111,11
9/12/2015,Accessories,1,50,70,20
9/12/2015,Accessories,3,50,68,18
9/12/2015,Bikes,3,565,555,-10
9/12/2015,Accessories,1,300,325,25
9/12/2015,Accessories,2,25,28,3
9/12/2015,Clothing,1,36,48,12
9/12/2015,Accessories,1,525,622,97
9/12/2015,Accessories,1,34,39,5
9/12/2015,Bikes,1,"1,120.00","1,438.00",318
9/12/2015,Accessories,2,700,938,238
9/12/2015,Accessories,3,108,129,21
9/12/2015,Accessories,2,159,172,13
9/12/2015,Accessories,2,250,242,-8
9/12/2015,Accessories,2,62,59,-3
9/12/2015,Bikes,2,"2,295.00","2,159.00",-136
9/12/2015,Bikes,2,540,493,-47
9/12/2015,Accessories,1,72,77,5
9/12/2015,Accessories,1,110,111,1
9/12/2015,Bikes,2,"1,120.00","1,042.00",-78
9/12/2015,Accessories,3,840,945,105
9/12/2015,Clothing,1,756,765,9
9/13/2015,Accessories,1,420,442,22
9/13/2015,Accessories,3,795,817,22
9/13/2015,Clothing,3,162,147,-15
9/13/2015,Bikes,3,"2,295.00","1,803.00",-492
9/13/2015,Bikes,1,"2,320.00","2,205.00",-115
9/13/2015,Accessories,1,100,86,-14
9/13/2015,Accessories,1,5,7,2
9/13/2015,Clothing,3,45,53,8
9/13/2015,Bikes,2,"2,295.00","1,865.00",-430
9/13/2015,Accessories,1,50,58,8
9/13/2015,Accessories,2,20,20,0
9/13/2015,Accessories,2,"1,540.00","1,842.00",302
9/13/2015,Accessories,1,72,73,1
9/13/2015,Bikes,1,"2,320.00","2,726.00",406
9/13/2015,Accessories,3,180,233,53
9/13/2015,Accessories,1,25,35,10
9/13/2015,Clothing,3,"1,778.00","1,885.00",107
9/13/2015,Clothing,2,36,39,3
9/13/2015,Bikes,1,"2,295.00","1,919.00",-376
9/13/2015,Accessories,2,559,647,88
9/13/2015,Accessories,1,69,74,5
9/13/2015,Accessories,2,25,33,8
9/13/2015,Accessories,1,95,124,29
9/13/2015,Accessories,3,62,83,21
9/13/2015,Accessories,2,140,106,-34
9/13/2015,Accessories,2,95,71,-24
9/13/2015,Bikes,1,"2,295.00","1,549.00",-746
9/13/2015,Accessories,1,210,251,41
9/13/2015,Accessories,2,10,14,4
9/13/2015,Clothing,3,"1,080.00","1,354.00",274
9/13/2015,Accessories,1,500,518,18
9/13/2015,Accessories,3,40,42,2
9/13/2015,Accessories,1,420,469,49
9/13/2015,Bikes,1,742,752,10
9/13/2015,Accessories,1,525,604,79
9/13/2015,Accessories,2,32,33,1
9/13/2015,Accessories,3,50,52,2
9/13/2015,Accessories,2,105,112,7
9/13/2015,Clothing,1,"1,120.00","1,350.00",230
9/13/2015,Accessories,2,735,805,70
9/13/2015,Accessories,1,5,6,1
9/13/2015,Bikes,1,"2,295.00","2,047.00",-248
9/13/2015,Bikes,1,"2,443.00","2,092.00",-351
9/13/2015,Accessories,2,180,185,5
9/13/2015,Accessories,1,35,39,4
9/14/2015,Clothing,1,207,267,60
9/14/2015,Accessories,2,"1,045.00","1,143.00",98
9/14/2015,Accessories,1,715,748,33
9/14/2015,Bikes,3,742,640,-102
9/14/2015,Accessories,3,980,"1,062.00",82
9/14/2015,Accessories,1,450,514,64
9/14/2015,Clothing,1,"1,026.00","1,082.00",56
9/14/2015,Bikes,1,"1,701.00","1,943.00",242
9/14/2015,Accessories,1,52,55,3
9/14/2015,Accessories,1,650,529,-121
9/14/2015,Accessories,2,48,38,-10
9/14/2015,Accessories,3,130,164,34
9/14/2015,Clothing,2,135,123,-12
9/14/2015,Accessories,2,64,79,15
9/14/2015,Accessories,1,37,35,-2
9/14/2015,Bikes,1,540,380,-160
9/14/2015,Bikes,1,"1,215.00","1,202.00",-13
9/14/2015,Clothing,1,198,261,63
9/14/2015,Accessories,2,199,211,12
9/14/2015,Bikes,1,540,438,-102
9/14/2015,Accessories,2,473,454,-19
9/14/2015,Accessories,1,62,68,6
9/14/2015,Accessories,3,770,821,51
9/14/2015,Bikes,2,"1,120.00","1,242.00",122
9/14/2015,Accessories,2,225,253,28
9/14/2015,Accessories,2,4,4,0
9/14/2015,Clothing,1,756,747,-9
9/14/2015,Bikes,2,"1,120.00",989,-131
9/14/2015,Accessories,2,150,157,7
9/14/2015,Clothing,1,108,110,2
9/14/2015,Accessories,3,70,77,7
9/14/2015,Accessories,3,145,117,-28
9/14/2015,Accessories,3,"1,050.00","1,351.00",301
9/14/2015,Accessories,1,100,123,23
9/14/2015,Clothing,2,550,726,176
9/15/2015,Bikes,3,"2,320.00","2,606.00",286
9/15/2015,Bikes,2,"1,120.00","1,156.00",36
9/15/2015,Clothing,2,432,589,157
9/15/2015,Accessories,2,230,319,89
9/15/2015,Accessories,2,55,71,16
9/15/2015,Clothing,3,135,165,30
9/15/2015,Accessories,3,700,932,232
9/15/2015,Bikes,2,742,787,45
9/15/2015,Accessories,1,99,110,11
9/15/2015,Accessories,1,55,73,18
9/15/2015,Accessories,1,200,155,-45
9/15/2015,Accessories,1,50,46,-4
9/15/2015,Bikes,1,565,748,183
9/15/2015,Accessories,2,595,594,-1
9/15/2015,Bikes,1,742,443,-299
9/15/2015,Bikes,1,540,417,-123
9/15/2015,Clothing,3,90,100,10
9/15/2015,Bikes,1,"2,320.00","2,136.00",-184
9/15/2015,Accessories,2,108,111,3
9/15/2015,Accessories,3,174,206,32
9/15/2015,Accessories,1,140,148,8
9/15/2015,Accessories,1,455,585,130
9/15/2015,Bikes,3,540,537,-3
9/15/2015,Accessories,3,945,"1,122.00",177
9/15/2015,Bikes,1,"2,320.00","2,473.00",153
9/15/2015,Accessories,1,600,666,66
9/15/2015,Accessories,3,64,66,2
9/16/2015,Accessories,1,40,44,4
9/16/2015,Bikes,2,"2,295.00","2,004.00",-291
9/16/2015,Clothing,1,225,216,-9
9/16/2015,Clothing,1,54,70,16
9/16/2015,Bikes,3,"2,295.00","2,413.00",118
9/16/2015,Bikes,3,"1,701.00","1,615.00",-86
9/16/2015,Clothing,2,162,209,47
9/16/2015,Clothing,3,350,468,118
9/16/2015,Accessories,1,280,392,112
9/16/2015,Accessories,3,64,67,3
9/16/2015,Accessories,2,841,772,-69
9/16/2015,Accessories,1,5,5,0
9/16/2015,Accessories,1,840,632,-208
9/16/2015,Clothing,2,490,374,-116
9/16/2015,Clothing,3,600,660,60
9/16/2015,Bikes,3,"2,295.00","2,278.00",-17
9/16/2015,Accessories,3,210,216,6
9/16/2015,Accessories,3,625,492,-133
9/16/2015,Accessories,3,385,423,38
9/16/2015,Accessories,2,95,110,15
9/16/2015,Accessories,2,980,"1,174.00",194
9/16/2015,Accessories,2,690,803,113
9/16/2015,Accessories,2,55,58,3
9/17/2015,Accessories,1,385,439,54
9/17/2015,Accessories,2,145,173,28
9/17/2015,Accessories,3,630,638,8
9/17/2015,Bikes,2,"2,295.00","1,576.00",-719
9/17/2015,Clothing,2,"1,350.00","1,301.00",-49
9/17/2015,Accessories,3,126,168,42
9/17/2015,Accessories,1,80,107,27
9/17/2015,Accessories,2,385,561,176
9/17/2015,Accessories,1,96,131,35
9/17/2015,Accessories,1,34,37,3
9/17/2015,Accessories,3,150,193,43
9/17/2015,Accessories,2,140,182,42
9/17/2015,Accessories,3,23,28,5
9/17/2015,Accessories,3,99,98,-1
9/17/2015,Accessories,1,25,25,0
9/17/2015,Accessories,3,750,694,-56
9/17/2015,Accessories,3,20,22,2
9/17/2015,Clothing,1,117,128,11
9/17/2015,Accessories,1,805,"1,006.00",201
9/17/2015,Bikes,3,"1,120.00","1,088.00",-32
9/17/2015,Accessories,2,385,345,-40
9/17/2015,Accessories,3,44,62,18
9/17/2015,Accessories,1,46,55,9
9/17/2015,Accessories,3,430,575,145
9/17/2015,Accessories,1,27,38,11
9/17/2015,Clothing,3,126,131,5
9/17/2015,Accessories,2,92,98,6
9/17/2015,Accessories,1,685,774,89
9/17/2015,Clothing,2,63,66,3
9/17/2015,Clothing,1,"1,300.00","1,382.00",82
9/17/2015,Bikes,3,540,639,99
9/17/2015,Accessories,1,270,299,29
9/17/2015,Accessories,1,20,22,2
9/18/2015,Accessories,3,560,621,61
9/18/2015,Accessories,1,945,"1,076.00",131
9/18/2015,Accessories,3,"1,045.00","1,020.00",-25
9/18/2015,Accessories,2,28,32,4
9/18/2015,Accessories,2,225,274,49
9/18/2015,Accessories,2,300,338,38
9/18/2015,Accessories,1,5,5,0
9/18/2015,Accessories,2,841,892,51
9/18/2015,Accessories,2,120,137,17
9/18/2015,Accessories,1,95,74,-21
9/18/2015,Clothing,3,27,21,-6
9/18/2015,Accessories,3,60,70,10
9/18/2015,Accessories,2,85,92,7
9/18/2015,Accessories,1,783,943,160
9/18/2015,Accessories,2,560,556,-4
9/18/2015,Accessories,1,30,26,-4
9/18/2015,Accessories,1,84,110,26
9/18/2015,Accessories,1,425,501,76
9/18/2015,Accessories,3,245,188,-57
9/18/2015,Clothing,3,"1,350.00","1,409.00",59
9/18/2015,Bikes,2,769,538,-231
9/18/2015,Clothing,3,216,271,55
9/18/2015,Accessories,2,560,851,291
9/18/2015,Accessories,2,665,748,83
9/18/2015,Bikes,3,769,761,-8
9/18/2015,Clothing,2,500,624,124
9/18/2015,Accessories,2,365,518,153
9/18/2015,Accessories,3,110,130,20
9/18/2015,Accessories,2,180,206,26
9/18/2015,Accessories,2,143,202,59
9/18/2015,Accessories,3,8,9,1
9/18/2015,Accessories,3,945,966,21
9/19/2015,Bikes,3,"2,295.00","2,237.00",-58
9/19/2015,Clothing,1,"1,250.00","1,254.00",4
9/19/2015,Accessories,3,145,138,-7
9/19/2015,Clothing,1,540,818,278
9/19/2015,Bikes,3,"2,320.00","2,589.00",269
9/19/2015,Clothing,1,50,76,26
9/19/2015,Bikes,2,"2,443.00","2,618.00",175
9/19/2015,Accessories,3,180,206,26
9/19/2015,Accessories,3,25,38,13
9/19/2015,Accessories,2,"1,015.00","1,352.00",337
9/19/2015,Accessories,3,455,492,37
9/19/2015,Accessories,3,30,31,1
9/19/2015,Clothing,1,171,252,81
9/19/2015,Bikes,1,769,642,-127
9/19/2015,Clothing,2,171,180,9
9/19/2015,Bikes,3,540,519,-21
9/19/2015,Accessories,1,840,922,82
9/19/2015,Bikes,2,"2,295.00","2,210.00",-85
9/19/2015,Accessories,1,675,877,202
9/19/2015,Accessories,2,66,91,25
9/19/2015,Bikes,2,"2,384.00","2,781.00",397
9/19/2015,Bikes,2,"2,295.00","2,105.00",-190
9/19/2015,Bikes,3,"2,295.00","2,070.00",-225
9/19/2015,Accessories,3,665,714,49
9/19/2015,Clothing,2,"1,750.00","2,108.00",358
9/19/2015,Accessories,1,105,143,38
9/19/2015,Accessories,1,261,370,109
9/19/2015,Accessories,3,7,9,2
9/20/2015,Accessories,1,770,"1,032.00",262
9/20/2015,Clothing,3,150,200,50
9/20/2015,Accessories,3,805,944,139
9/20/2015,Bikes,3,540,533,-7
9/20/2015,Accessories,3,315,324,9
9/20/2015,Accessories,2,125,144,19
9/20/2015,Accessories,1,66,70,4
9/20/2015,Bikes,1,"2,295.00","2,302.00",7
9/20/2015,Accessories,3,210,279,69
9/20/2015,Clothing,3,"1,500.00","1,577.00",77
9/20/2015,Clothing,1,207,187,-20
9/20/2015,Bikes,1,"2,320.00","2,175.00",-145
9/20/2015,Accessories,2,685,526,-159
9/20/2015,Bikes,2,"2,443.00","2,227.00",-216
9/20/2015,Clothing,1,162,221,59
9/20/2015,Accessories,2,665,650,-15
9/20/2015,Accessories,3,81,97,16
9/20/2015,Accessories,1,120,122,2
9/20/2015,Accessories,3,35,44,9
9/20/2015,Accessories,2,150,140,-10
9/20/2015,Accessories,3,62,64,2
9/20/2015,Accessories,2,70,79,9
9/20/2015,Bikes,3,"2,384.00","2,685.00",301
9/20/2015,Accessories,2,76,82,6
9/20/2015,Accessories,2,326,354,28
9/20/2015,Accessories,1,630,657,27
9/20/2015,Accessories,1,135,149,14
9/20/2015,Bikes,2,540,552,12
9/20/2015,Accessories,2,490,564,74
9/21/2015,Accessories,2,"1,210.00","1,349.00",139
9/21/2015,Accessories,1,127,140,13
9/21/2015,Accessories,1,35,38,3
9/21/2015,Accessories,3,420,435,15
9/21/2015,Accessories,2,75,80,5
9/21/2015,Accessories,1,175,177,2
9/21/2015,Clothing,3,"1,250.00","1,351.00",101
9/21/2015,Accessories,3,56,65,9
9/21/2015,Bikes,1,"2,295.00","2,697.00",402
9/21/2015,Accessories,3,44,32,-12
9/21/2015,Accessories,3,95,133,38
9/21/2015,Accessories,3,735,655,-80
9/21/2015,Clothing,3,630,884,254
9/21/2015,Clothing,1,216,223,7
9/21/2015,Accessories,3,39,46,7
9/21/2015,Accessories,3,72,83,11
9/21/2015,Accessories,3,21,26,5
9/21/2015,Accessories,3,36,39,3
9/21/2015,Accessories,2,55,59,4
9/21/2015,Clothing,2,140,142,2
9/21/2015,Clothing,2,153,148,-5
9/21/2015,Accessories,1,550,586,36
9/21/2015,Accessories,2,37,41,4
9/21/2015,Accessories,1,550,748,198
9/22/2015,Clothing,2,540,505,-35
9/22/2015,Clothing,1,81,76,-5
9/22/2015,Accessories,1,215,237,22
9/22/2015,Accessories,1,32,32,0
9/22/2015,Clothing,3,"1,190.00","1,495.00",305
9/22/2015,Accessories,3,315,232,-83
9/22/2015,Bikes,1,"2,384.00","1,958.00",-426
9/22/2015,Accessories,2,245,272,27
9/22/2015,Bikes,1,"1,701.00","1,597.00",-104
9/22/2015,Accessories,3,560,732,172
9/22/2015,Accessories,3,115,82,-33
9/22/2015,Accessories,1,560,639,79
9/22/2015,Clothing,1,378,393,15
9/22/2015,Accessories,3,160,125,-35
9/22/2015,Accessories,1,516,640,124
9/22/2015,Accessories,1,2,3,1
9/22/2015,Bikes,2,"1,120.00","1,263.00",143
9/22/2015,Bikes,1,"2,295.00","2,014.00",-281
9/22/2015,Accessories,1,270,287,17
9/22/2015,Accessories,2,90,93,3
9/22/2015,Accessories,2,14,17,3
9/22/2015,Bikes,1,"2,320.00","1,924.00",-396
9/22/2015,Accessories,3,420,454,34
9/23/2015,Clothing,3,850,821,-29
9/23/2015,Accessories,3,140,199,59
9/23/2015,Accessories,2,735,750,15
9/23/2015,Accessories,3,35,38,3
9/23/2015,Accessories,3,60,67,7
9/23/2015,Accessories,2,344,384,40
9/23/2015,Bikes,3,"2,320.00","2,376.00",56
9/23/2015,Clothing,1,850,854,4
9/23/2015,Accessories,2,301,336,35
9/23/2015,Accessories,2,32,39,7
9/23/2015,Clothing,2,702,847,145
9/23/2015,Clothing,1,270,281,11
9/23/2015,Clothing,1,400,324,-76
9/23/2015,Bikes,3,540,516,-24
9/23/2015,Accessories,2,490,558,68
9/23/2015,Accessories,2,45,53,8
9/23/2015,Accessories,2,980,"1,450.00",470
9/23/2015,Accessories,2,696,815,119
9/23/2015,Accessories,2,50,56,6
9/23/2015,Accessories,3,175,209,34
9/23/2015,Clothing,1,486,537,51
9/24/2015,Accessories,1,64,74,10
9/24/2015,Accessories,3,980,"1,079.00",99
9/24/2015,Clothing,1,216,196,-20
9/24/2015,Clothing,2,650,723,73
9/24/2015,Bikes,3,769,651,-118
9/24/2015,Bikes,1,"1,120.00",928,-192
9/24/2015,Clothing,3,144,205,61
9/24/2015,Clothing,1,180,208,28
9/24/2015,Bikes,2,"2,295.00","2,783.00",488
9/24/2015,Accessories,1,605,640,35
9/24/2015,Accessories,1,25,24,-1
9/24/2015,Accessories,1,70,76,6
9/24/2015,Accessories,1,18,21,3
9/24/2015,Bikes,2,"2,295.00","1,944.00",-351
9/24/2015,Clothing,1,"1,260.00","1,651.00",391
9/24/2015,Clothing,2,27,33,6
9/24/2015,Accessories,2,65,69,4
9/24/2015,Accessories,3,245,274,29
9/25/2015,Bikes,3,742,659,-83
9/25/2015,Accessories,3,210,233,23
9/25/2015,Accessories,2,595,685,90
9/25/2015,Accessories,2,120,136,16
9/25/2015,Accessories,3,57,68,11
9/25/2015,Bikes,2,"2,320.00","2,646.00",326
9/25/2015,Accessories,3,805,"1,111.00",306
9/25/2015,Accessories,3,60,82,22
9/25/2015,Accessories,2,493,533,40
9/25/2015,Accessories,3,35,40,5
9/25/2015,Bikes,1,742,649,-93
9/25/2015,Accessories,1,"1,210.00","1,631.00",421
9/25/2015,Accessories,3,112,109,-3
9/25/2015,Accessories,1,30,44,14
9/25/2015,Accessories,1,560,594,34
9/25/2015,Accessories,2,150,169,19
9/25/2015,Accessories,1,37,41,4
9/25/2015,Clothing,1,"1,890.00","1,794.00",-96
9/25/2015,Clothing,3,189,216,27
9/26/2015,Bikes,3,565,484,-81
9/26/2015,Accessories,3,665,717,52
9/26/2015,Clothing,1,300,262,-38
9/26/2015,Clothing,2,"1,050.00","1,197.00",147
9/26/2015,Accessories,2,48,53,5
9/26/2015,Accessories,1,424,445,21
9/26/2015,Bikes,3,"1,215.00","1,395.00",180
9/26/2015,Clothing,3,900,"1,240.00",340
9/26/2015,Clothing,1,"1,260.00","1,040.00",-220
9/26/2015,Clothing,3,432,417,-15
9/26/2015,Accessories,1,875,905,30
9/26/2015,Bikes,3,"2,320.00","2,179.00",-141
9/26/2015,Bikes,3,742,702,-40
9/26/2015,Accessories,3,315,380,65
9/26/2015,Accessories,3,125,139,14
9/26/2015,Bikes,2,540,507,-33
9/26/2015,Accessories,3,10,11,1
9/26/2015,Accessories,2,95,100,5
9/27/2015,Clothing,2,150,159,9
9/27/2015,Accessories,1,55,73,18
9/27/2015,Accessories,3,16,21,5
9/27/2015,Accessories,1,"1,015.00","1,112.00",97
9/27/2015,Clothing,1,"1,200.00","1,147.00",-53
9/27/2015,Accessories,3,"1,050.00","1,126.00",76
9/27/2015,Accessories,3,100,120,20
9/27/2015,Accessories,2,41,44,3
9/27/2015,Accessories,2,108,119,11
9/27/2015,Accessories,1,652,651,-1
9/27/2015,Clothing,1,150,155,5
9/27/2015,Clothing,2,234,266,32
9/27/2015,Accessories,3,840,905,65
9/27/2015,Bikes,1,"1,701.00","1,673.00",-28
9/27/2015,Clothing,3,800,722,-78
9/27/2015,Accessories,1,130,167,37
9/27/2015,Accessories,2,36,45,9
9/27/2015,Accessories,2,140,146,6
9/27/2015,Accessories,2,60,76,16
9/27/2015,Clothing,2,210,258,48
9/27/2015,Accessories,2,120,97,-23
9/27/2015,Clothing,1,198,191,-7
9/27/2015,Accessories,3,650,884,234
9/27/2015,Accessories,3,120,108,-12
9/27/2015,Accessories,2,64,57,-7
9/27/2015,Bikes,3,"1,215.00","1,323.00",108
9/27/2015,Accessories,1,270,286,16
9/27/2015,Accessories,3,25,27,2
9/27/2015,Accessories,2,910,"1,054.00",144
9/27/2015,Bikes,3,"2,295.00","2,280.00",-15
9/27/2015,Accessories,2,50,59,9
9/27/2015,Accessories,3,145,156,11
9/27/2015,Clothing,2,770,756,-14
9/27/2015,Bikes,3,769,717,-52
9/27/2015,Clothing,1,"1,470.00","1,693.00",223
9/27/2015,Clothing,1,918,"1,100.00",182
9/27/2015,Bikes,3,"1,120.00","1,056.00",-64
9/27/2015,Accessories,3,60,72,12
9/27/2015,Accessories,2,40,43,3
9/27/2015,Accessories,3,385,447,62
9/28/2015,Clothing,2,"1,200.00","1,192.00",-8
9/28/2015,Clothing,3,"1,300.00","1,547.00",247
9/28/2015,Clothing,1,243,267,24
9/28/2015,Clothing,2,"1,100.00","1,143.00",43
9/28/2015,Accessories,1,80,85,5
9/28/2015,Accessories,1,225,212,-13
9/28/2015,Clothing,1,648,868,220
9/28/2015,Accessories,1,551,696,145
9/28/2015,Accessories,3,140,159,19
9/28/2015,Clothing,3,"1,050.00","1,056.00",6
9/28/2015,Accessories,2,35,32,-3
9/28/2015,Accessories,1,490,686,196
9/28/2015,Accessories,1,135,151,16
9/28/2015,Clothing,3,918,808,-110
9/28/2015,Clothing,3,"1,260.00","1,460.00",200
9/28/2015,Clothing,3,500,679,179
9/28/2015,Accessories,2,735,805,70
9/28/2015,Accessories,2,315,344,29
9/29/2015,Accessories,2,258,267,9
9/29/2015,Accessories,3,36,29,-7
9/29/2015,Accessories,3,16,17,1
9/29/2015,Bikes,3,"2,320.00","2,187.00",-133
9/29/2015,Clothing,1,300,309,9
9/29/2015,Bikes,3,"2,295.00","1,921.00",-374
9/29/2015,Accessories,1,110,100,-10
9/29/2015,Accessories,3,115,162,47
9/29/2015,Accessories,1,650,665,15
9/29/2015,Bikes,1,"2,320.00","1,812.00",-508
9/29/2015,Bikes,3,"1,701.00","1,225.00",-476
9/29/2015,Clothing,3,950,752,-198
9/29/2015,Bikes,2,"2,384.00","2,793.00",409
9/29/2015,Accessories,1,245,246,1
9/29/2015,Accessories,1,69,66,-3
9/29/2015,Accessories,2,60,68,8
9/29/2015,Accessories,1,65,75,10
9/29/2015,Clothing,1,560,621,61
9/29/2015,Clothing,3,"2,100.00","2,640.00",540
9/30/2015,Clothing,1,64,61,-3
9/30/2015,Accessories,2,87,106,19
9/30/2015,Accessories,2,140,159,19
9/30/2015,Accessories,2,30,31,1
9/30/2015,Clothing,2,261,279,18
9/30/2015,Accessories,3,250,270,20
9/30/2015,Accessories,1,16,17,1
9/30/2015,Accessories,1,595,637,42
9/30/2015,Accessories,2,21,25,4
9/30/2015,Accessories,1,5,5,0
9/30/2015,Accessories,1,80,95,15
9/30/2015,Accessories,3,75,66,-9
9/30/2015,Bikes,3,742,744,2
9/30/2015,Accessories,1,630,717,87
9/30/2015,Accessories,2,135,175,40
10/1/2015,Accessories,2,675,725,50
10/1/2015,Accessories,1,25,24,-1
10/1/2015,Accessories,2,174,234,60
10/1/2015,Accessories,3,5,7,2
10/1/2015,Accessories,2,135,105,-30
10/1/2015,Accessories,3,125,170,45
10/1/2015,Accessories,1,180,219,39
10/1/2015,Accessories,3,25,29,4
10/1/2015,Accessories,1,135,153,18
10/1/2015,Accessories,2,35,36,1
10/1/2015,Accessories,2,450,620,170
10/1/2015,Accessories,2,80,97,17
10/1/2015,Accessories,3,455,470,15
10/1/2015,Accessories,3,150,177,27
10/1/2015,Accessories,1,65,97,32
10/1/2015,Accessories,3,199,223,24
10/1/2015,Bikes,3,540,375,-165
10/1/2015,Accessories,1,45,53,8
10/1/2015,Accessories,3,55,76,21
10/1/2015,Accessories,3,875,"1,107.00",232
10/1/2015,Clothing,3,90,98,8
10/1/2015,Accessories,2,700,744,44
10/1/2015,Accessories,3,75,80,5
10/1/2015,Accessories,3,236,259,23
10/1/2015,Accessories,3,135,153,18
10/1/2015,Clothing,3,"1,190.00","1,154.00",-36
10/1/2015,Bikes,3,"2,384.00","2,356.00",-28
10/1/2015,Bikes,3,540,453,-87
10/1/2015,Accessories,1,261,268,7
10/1/2015,Bikes,2,"2,384.00","2,798.00",414
10/1/2015,Accessories,2,171,241,70
10/1/2015,Accessories,1,75,95,20
10/2/2015,Accessories,1,385,414,29
10/2/2015,Accessories,1,630,704,74
10/2/2015,Bikes,2,540,529,-11
10/2/2015,Clothing,3,648,772,124
10/2/2015,Clothing,3,216,307,91
10/2/2015,Accessories,3,110,118,8
10/2/2015,Clothing,3,550,578,28
10/2/2015,Accessories,3,455,590,135
10/2/2015,Bikes,1,"2,320.00","2,183.00",-137
10/2/2015,Accessories,1,72,82,10
10/2/2015,Accessories,1,"1,015.00","1,056.00",41
10/2/2015,Bikes,3,"2,320.00","2,129.00",-191
10/2/2015,Accessories,3,15,21,6
10/2/2015,Accessories,2,260,249,-11
10/2/2015,Accessories,3,35,46,11
10/2/2015,Accessories,1,140,152,12
10/2/2015,Accessories,2,135,157,22
10/2/2015,Accessories,1,80,84,4
10/2/2015,Accessories,2,62,68,6
10/2/2015,Bikes,1,"1,701.00","1,229.00",-472
10/2/2015,Accessories,3,667,862,195
10/2/2015,Accessories,3,5,7,2
10/2/2015,Accessories,1,165,216,51
10/2/2015,Accessories,3,840,"1,174.00",334
10/2/2015,Bikes,1,769,652,-117
10/2/2015,Clothing,3,"2,030.00","2,138.00",108
10/2/2015,Accessories,2,900,"1,194.00",294
10/2/2015,Accessories,2,75,107,32
10/2/2015,Bikes,3,742,669,-73
10/2/2015,Accessories,2,945,"1,059.00",114
10/2/2015,Accessories,2,40,46,6
10/2/2015,Accessories,1,848,877,29
10/2/2015,Accessories,3,36,42,6
10/2/2015,Accessories,2,120,124,4
10/2/2015,Accessories,3,30,30,0
10/2/2015,Accessories,1,5,5,0
10/2/2015,Accessories,3,16,18,2
10/3/2015,Accessories,2,20,21,1
10/3/2015,Accessories,3,21,22,1
10/3/2015,Accessories,3,945,"1,016.00",71
10/3/2015,Accessories,1,100,107,7
10/3/2015,Accessories,2,23,23,0
10/3/2015,Accessories,2,5,7,2
10/3/2015,Accessories,2,270,368,98
10/3/2015,Accessories,2,455,639,184
10/3/2015,Accessories,1,200,225,25
10/3/2015,Accessories,2,450,630,180
10/3/2015,Accessories,1,23,31,8
10/3/2015,Clothing,3,550,559,9
10/3/2015,Accessories,1,300,369,69
10/3/2015,Accessories,1,"1,590.00","1,800.00",210
10/3/2015,Accessories,1,522,459,-63
10/3/2015,Accessories,3,50,41,-9
10/3/2015,Bikes,3,"2,295.00","2,163.00",-132
10/3/2015,Accessories,1,105,115,10
10/3/2015,Bikes,2,769,738,-31
10/3/2015,Accessories,3,20,27,7
10/3/2015,Accessories,2,700,923,223
10/3/2015,Bikes,2,"1,215.00","1,222.00",7
10/3/2015,Accessories,3,162,170,8
10/3/2015,Accessories,2,110,133,23
10/3/2015,Bikes,1,"2,320.00","2,161.00",-159
10/3/2015,Accessories,1,50,51,1
10/3/2015,Accessories,2,55,65,10
10/3/2015,Accessories,2,245,276,31
10/3/2015,Accessories,2,60,66,6
10/3/2015,Bikes,3,"1,120.00",957,-163
10/4/2015,Accessories,3,700,759,59
10/4/2015,Bikes,3,"2,320.00","2,894.00",574
10/4/2015,Accessories,3,165,209,44
10/4/2015,Bikes,2,769,838,69
10/4/2015,Accessories,3,18,21,3
10/4/2015,Bikes,3,540,653,113
10/4/2015,Accessories,2,65,80,15
10/4/2015,Accessories,2,261,320,59
10/4/2015,Bikes,1,"2,384.00","2,060.00",-324
10/4/2015,Bikes,3,769,553,-216
10/4/2015,Clothing,3,"1,540.00","1,483.00",-57
10/4/2015,Accessories,3,20,20,0
10/4/2015,Accessories,1,754,564,-190
10/4/2015,Accessories,2,69,66,-3
10/4/2015,Accessories,1,"1,590.00","1,942.00",352
10/4/2015,Bikes,1,769,692,-77
10/4/2015,Clothing,2,630,676,46
10/4/2015,Accessories,3,20,22,2
10/4/2015,Accessories,3,48,51,3
10/4/2015,Accessories,2,475,465,-10
10/4/2015,Bikes,3,"1,120.00","1,033.00",-87
10/4/2015,Accessories,3,665,794,129
10/4/2015,Accessories,2,85,93,8
10/5/2015,Clothing,2,54,61,7
10/5/2015,Accessories,1,52,59,7
10/5/2015,Clothing,1,191,213,22
10/5/2015,Accessories,3,191,254,63
10/5/2015,Accessories,2,35,32,-3
10/5/2015,Accessories,2,62,80,18
10/5/2015,Accessories,2,90,104,14
10/5/2015,Accessories,2,560,788,228
10/5/2015,Bikes,1,"2,320.00","2,261.00",-59
10/5/2015,Accessories,3,105,114,9
10/5/2015,Accessories,2,10,12,2
10/5/2015,Clothing,1,"1,334.00","1,366.00",32
10/5/2015,Bikes,2,"2,320.00","2,177.00",-143
10/5/2015,Accessories,2,40,47,7
10/5/2015,Bikes,2,742,704,-38
10/5/2015,Bikes,3,742,741,-1
10/5/2015,Clothing,3,153,196,43
10/5/2015,Clothing,2,450,422,-28
10/5/2015,Accessories,1,220,253,33
10/5/2015,Accessories,3,100,106,6
10/5/2015,Bikes,1,"2,320.00","2,642.00",322
10/5/2015,Bikes,2,540,481,-59
10/5/2015,Accessories,2,665,934,269
10/5/2015,Accessories,1,4,4,0
10/5/2015,Accessories,1,48,58,10
10/5/2015,Clothing,1,234,254,20
10/5/2015,Accessories,2,665,714,49
10/5/2015,Clothing,2,420,461,41
10/5/2015,Clothing,3,150,145,-5
10/5/2015,Bikes,2,"2,320.00","2,179.00",-141
10/6/2015,Accessories,1,90,124,34
10/6/2015,Accessories,3,700,666,-34
10/6/2015,Accessories,2,875,684,-191
10/6/2015,Clothing,3,"1,134.00","1,086.00",-48
10/6/2015,Clothing,3,650,682,32
10/6/2015,Clothing,2,"1,150.00","1,099.00",-51
10/6/2015,Accessories,1,85,99,14
10/6/2015,Accessories,2,58,60,2
10/6/2015,Bikes,3,"2,384.00","2,185.00",-199
10/6/2015,Accessories,1,171,260,89
10/6/2015,Accessories,2,20,25,5
10/6/2015,Accessories,3,14,15,1
10/6/2015,Bikes,2,"1,215.00","1,039.00",-176
10/6/2015,Accessories,2,105,106,1
10/6/2015,Accessories,2,81,92,11
10/6/2015,Accessories,1,87,104,17
10/6/2015,Accessories,3,150,164,14
10/6/2015,Clothing,1,54,56,2
10/6/2015,Accessories,1,130,158,28
10/6/2015,Clothing,3,150,178,28
10/6/2015,Clothing,2,648,736,88
10/6/2015,Accessories,1,293,301,8
10/6/2015,Accessories,1,480,521,41
10/6/2015,Accessories,1,40,46,6
10/6/2015,Accessories,1,16,19,3
10/6/2015,Clothing,3,"1,242.00",970,-272
10/6/2015,Bikes,1,769,543,-226
10/6/2015,Accessories,2,230,312,82
10/6/2015,Accessories,2,130,155,25
10/6/2015,Accessories,3,"1,155.00","1,039.00",-116
10/6/2015,Accessories,3,105,108,3
10/6/2015,Accessories,3,625,656,31
10/6/2015,Accessories,2,18,21,3
10/6/2015,Bikes,2,565,721,156
10/6/2015,Clothing,2,189,188,-1
10/6/2015,Accessories,3,120,131,11
10/6/2015,Accessories,1,25,29,4
10/6/2015,Bikes,2,"1,120.00","1,062.00",-58
10/7/2015,Accessories,1,125,136,11
10/7/2015,Accessories,2,35,36,1
10/7/2015,Accessories,2,430,452,22
10/7/2015,Accessories,3,66,69,3
10/7/2015,Accessories,1,50,69,19
10/7/2015,Accessories,1,115,158,43
10/7/2015,Accessories,2,780,849,69
10/7/2015,Bikes,3,"2,320.00","2,550.00",230
10/7/2015,Clothing,1,540,588,48
10/7/2015,Accessories,2,65,80,15
10/7/2015,Bikes,2,"2,320.00","2,152.00",-168
10/7/2015,Accessories,1,490,546,56
10/7/2015,Accessories,3,150,198,48
10/7/2015,Accessories,3,44,63,19
10/7/2015,Accessories,2,32,40,8
10/7/2015,Accessories,3,387,384,-3
10/7/2015,Clothing,1,27,25,-2
10/7/2015,Bikes,3,"1,701.00","1,866.00",165
10/7/2015,Bikes,3,540,514,-26
10/7/2015,Bikes,2,"2,295.00","2,117.00",-178
10/7/2015,Bikes,2,540,462,-78
10/7/2015,Accessories,3,140,142,2
10/7/2015,Accessories,2,65,73,8
10/7/2015,Clothing,2,150,159,9
10/7/2015,Accessories,3,875,947,72
10/7/2015,Accessories,2,50,57,7
10/7/2015,Accessories,2,36,40,4
10/7/2015,Accessories,3,456,499,43
10/7/2015,Accessories,2,35,36,1
10/8/2015,Bikes,3,769,769,0
10/8/2015,Accessories,1,175,190,15
10/8/2015,Accessories,1,120,133,13
10/8/2015,Accessories,3,"1,015.00","1,195.00",180
10/8/2015,Accessories,3,11,13,2
10/8/2015,Accessories,1,50,55,5
10/8/2015,Accessories,1,30,31,1
10/8/2015,Bikes,1,"2,384.00","2,130.00",-254
10/8/2015,Accessories,2,525,587,62
10/8/2015,Clothing,3,250,267,17
10/8/2015,Accessories,1,140,160,20
10/8/2015,Clothing,3,162,182,20
10/8/2015,Accessories,2,80,107,27
10/8/2015,Accessories,1,30,38,8
10/8/2015,Bikes,3,"2,320.00","2,046.00",-274
10/8/2015,Accessories,3,"1,015.00","1,234.00",219
10/8/2015,Accessories,2,70,104,34
10/8/2015,Bikes,2,"1,120.00","1,009.00",-111
10/8/2015,Accessories,1,"1,050.00","1,136.00",86
10/8/2015,Bikes,3,"2,320.00","2,049.00",-271
10/8/2015,Clothing,2,"1,080.00","1,155.00",75
10/8/2015,Accessories,1,750,947,197
10/8/2015,Accessories,1,90,107,17
10/8/2015,Bikes,3,769,653,-116
10/8/2015,Accessories,2,875,866,-9
10/8/2015,Accessories,3,140,142,2
10/8/2015,Clothing,1,486,519,33
10/8/2015,Bikes,3,565,517,-48
10/8/2015,Bikes,2,"2,295.00","2,181.00",-114
10/8/2015,Clothing,3,"1,080.00","1,218.00",138
10/8/2015,Accessories,1,260,347,87
10/8/2015,Accessories,3,110,147,37
10/9/2015,Clothing,2,64,58,-6
10/9/2015,Bikes,2,769,751,-18
10/9/2015,Bikes,3,"2,295.00","2,301.00",6
10/9/2015,Clothing,2,"1,026.00","1,203.00",177
10/9/2015,Accessories,1,99,119,20
10/9/2015,Accessories,1,95,105,10
10/9/2015,Clothing,2,72,70,-2
10/9/2015,Accessories,2,990,"1,322.00",332
10/9/2015,Accessories,2,115,130,15
10/9/2015,Accessories,2,450,462,12
10/9/2015,Accessories,3,150,165,15
10/9/2015,Accessories,2,280,217,-63
10/9/2015,Bikes,3,769,634,-135
10/9/2015,Clothing,3,"1,300.00","1,350.00",50
10/9/2015,Accessories,3,43,57,14
10/9/2015,Clothing,2,594,569,-25
10/9/2015,Clothing,3,117,146,29
10/9/2015,Accessories,1,210,248,38
10/9/2015,Accessories,1,95,105,10
10/9/2015,Accessories,1,315,331,16
10/9/2015,Clothing,2,"1,960.00","2,378.00",418
10/9/2015,Accessories,3,"1,050.00","1,080.00",30
10/9/2015,Accessories,3,35,40,5
10/9/2015,Accessories,1,11,12,1
10/9/2015,Accessories,1,140,151,11
10/9/2015,Accessories,1,60,67,7
10/10/2015,Accessories,3,477,512,35
10/10/2015,Bikes,1,540,465,-75
10/10/2015,Accessories,1,420,456,36
10/10/2015,Bikes,3,"2,295.00","2,272.00",-23
10/10/2015,Accessories,1,110,110,0
10/10/2015,Accessories,1,32,33,1
10/10/2015,Accessories,1,167,171,4
10/10/2015,Clothing,2,864,969,105
10/10/2015,Clothing,2,"1,242.00","1,328.00",86
10/10/2015,Bikes,2,"2,320.00","1,940.00",-380
10/10/2015,Bikes,2,"2,295.00","2,067.00",-228
10/10/2015,Bikes,3,"2,295.00","1,996.00",-299
10/10/2015,Accessories,1,220,232,12
10/10/2015,Accessories,1,50,50,0
10/10/2015,Accessories,1,11,14,3
10/10/2015,Bikes,3,"2,443.00","2,207.00",-236
10/10/2015,Accessories,1,65,69,4
10/10/2015,Accessories,1,54,66,12
10/10/2015,Accessories,2,50,58,8
10/11/2015,Bikes,2,"1,701.00","1,755.00",54
10/11/2015,Accessories,3,"1,050.00","1,416.00",366
10/11/2015,Clothing,1,135,169,34
10/11/2015,Clothing,2,"1,500.00","1,798.00",298
10/11/2015,Accessories,1,770,862,92
10/11/2015,Clothing,3,864,"1,065.00",201
10/11/2015,Bikes,3,"2,320.00","2,004.00",-316
10/11/2015,Accessories,1,350,363,13
10/11/2015,Bikes,3,540,504,-36
10/11/2015,Bikes,2,"2,295.00","2,122.00",-173
10/11/2015,Accessories,2,350,321,-29
10/11/2015,Accessories,1,5,4,-1
10/11/2015,Accessories,1,636,774,138
10/11/2015,Bikes,1,"1,701.00","1,502.00",-199
10/11/2015,Accessories,1,140,149,9
10/11/2015,Clothing,1,"1,260.00","1,395.00",135
10/11/2015,Accessories,2,80,88,8
10/11/2015,Accessories,3,55,61,6
10/11/2015,Accessories,2,560,614,54
10/11/2015,Bikes,1,540,467,-73
10/12/2015,Accessories,1,105,132,27
10/12/2015,Accessories,2,65,66,1
10/12/2015,Accessories,2,665,767,102
10/12/2015,Accessories,1,24,26,2
10/12/2015,Accessories,1,110,157,47
10/12/2015,Accessories,2,10,15,5
10/12/2015,Accessories,1,84,86,2
10/12/2015,Clothing,1,"1,150.00","1,669.00",519
10/12/2015,Bikes,1,540,632,92
10/12/2015,Accessories,3,35,46,11
10/12/2015,Accessories,3,108,150,42
10/12/2015,Clothing,2,"1,620.00","1,742.00",122
10/12/2015,Accessories,2,140,183,43
10/12/2015,Accessories,3,420,545,125
10/12/2015,Bikes,2,"2,320.00","2,365.00",45
10/12/2015,Bikes,3,"2,443.00","2,903.00",460
10/12/2015,Bikes,3,"2,443.00","2,577.00",134
10/12/2015,Accessories,3,175,166,-9
10/12/2015,Accessories,1,85,94,9
10/12/2015,Accessories,2,980,"1,272.00",292
10/12/2015,Bikes,1,"1,120.00","1,328.00",208
10/12/2015,Accessories,2,80,113,33
10/12/2015,Accessories,1,880,780,-100
10/12/2015,Accessories,1,5,5,0
10/12/2015,Accessories,2,35,51,16
10/12/2015,Bikes,2,"2,443.00","2,135.00",-308
10/12/2015,Accessories,1,456,520,64
10/12/2015,Accessories,3,72,85,13
10/12/2015,Accessories,3,87,91,4
10/12/2015,Accessories,1,115,117,2
10/12/2015,Accessories,2,525,565,40
10/13/2015,Accessories,1,750,820,70
10/13/2015,Bikes,2,"2,295.00","2,339.00",44
10/13/2015,Accessories,2,690,731,41
10/13/2015,Accessories,3,48,50,2
10/13/2015,Bikes,1,"2,295.00","2,132.00",-163
10/13/2015,Bikes,3,"2,295.00","2,630.00",335
10/13/2015,Accessories,3,120,160,40
10/13/2015,Accessories,1,665,863,198
10/13/2015,Accessories,3,110,137,27
10/13/2015,Accessories,3,45,50,5
10/13/2015,Bikes,3,"1,701.00","1,520.00",-181
10/13/2015,Bikes,2,769,773,4
10/13/2015,Accessories,2,90,94,4
10/13/2015,Bikes,2,"2,384.00","2,787.00",403
10/14/2015,Clothing,1,135,160,25
10/14/2015,Clothing,1,"1,566.00","1,780.00",214
10/14/2015,Clothing,2,"1,566.00","1,814.00",248
10/14/2015,Accessories,2,135,152,17
10/14/2015,Accessories,1,65,74,9
10/14/2015,Accessories,2,125,151,26
10/14/2015,Bikes,3,"2,384.00","2,208.00",-176
10/14/2015,Accessories,1,81,82,1
10/14/2015,Bikes,2,"2,320.00","2,198.00",-122
10/14/2015,Bikes,3,769,765,-4
10/14/2015,Accessories,3,35,38,3
10/14/2015,Accessories,1,120,149,29
10/14/2015,Accessories,1,"1,050.00","1,531.00",481
10/14/2015,Accessories,3,5,6,1
10/14/2015,Accessories,1,105,110,5
10/14/2015,Bikes,3,"2,443.00","2,095.00",-348
10/14/2015,Accessories,3,45,43,-2
10/14/2015,Accessories,2,30,34,4
10/14/2015,Bikes,3,"1,701.00","1,411.00",-290
10/15/2015,Clothing,1,"1,566.00","1,719.00",153
10/15/2015,Accessories,2,228,254,26
10/15/2015,Accessories,3,4,4,0
10/15/2015,Accessories,2,875,977,102
10/15/2015,Accessories,3,350,408,58
10/15/2015,Accessories,1,60,69,9
10/15/2015,Accessories,1,104,116,12
10/15/2015,Accessories,3,"1,431.00","1,464.00",33
10/15/2015,Accessories,3,490,606,116
10/15/2015,Clothing,2,270,317,47
10/15/2015,Accessories,3,290,330,40
10/15/2015,Accessories,1,75,79,4
10/15/2015,Accessories,3,700,796,96
10/15/2015,Bikes,2,"2,320.00","2,353.00",33
10/15/2015,Clothing,2,750,842,92
10/15/2015,Accessories,2,116,156,40
10/15/2015,Accessories,3,50,68,18
10/15/2015,Accessories,3,10,10,0
10/15/2015,Accessories,1,"1,015.00","1,156.00",141
10/15/2015,Bikes,1,565,435,-130
10/15/2015,Accessories,3,80,122,42
10/15/2015,Accessories,3,175,211,36
10/15/2015,Accessories,3,159,177,18
10/15/2015,Clothing,3,350,410,60
10/15/2015,Accessories,3,180,205,25
10/15/2015,Accessories,1,95,98,3
10/15/2015,Bikes,1,"2,384.00","2,812.00",428
10/15/2015,Accessories,3,90,130,40
10/15/2015,Accessories,3,27,34,7
10/15/2015,Accessories,1,425,444,19
10/15/2015,Accessories,3,11,13,2
10/15/2015,Clothing,2,800,"1,127.00",327
10/15/2015,Bikes,2,"2,320.00","1,940.00",-380
10/16/2015,Accessories,2,60,60,0
10/16/2015,Accessories,3,2,3,1
10/16/2015,Accessories,1,350,388,38
10/16/2015,Clothing,1,"1,500.00","1,587.00",87
10/16/2015,Clothing,3,261,289,28
10/16/2015,Accessories,2,75,87,12
10/16/2015,Accessories,1,85,90,5
10/16/2015,Clothing,3,"1,458.00","1,557.00",99
10/16/2015,Accessories,2,451,485,34
10/16/2015,Bikes,3,"2,320.00","1,964.00",-356
10/16/2015,Bikes,3,"2,320.00","2,290.00",-30
10/16/2015,Bikes,2,"1,120.00","1,128.00",8
10/16/2015,Bikes,1,"2,384.00","2,021.00",-363
10/16/2015,Accessories,2,25,36,11
10/16/2015,Accessories,1,783,726,-57
10/16/2015,Clothing,2,108,157,49
10/16/2015,Accessories,2,20,22,2
10/16/2015,Accessories,1,424,445,21
10/16/2015,Accessories,1,30,35,5
10/16/2015,Accessories,2,66,69,3
10/16/2015,Bikes,1,540,443,-97
10/16/2015,Bikes,2,540,560,20
10/16/2015,Accessories,3,30,32,2
10/16/2015,Accessories,3,171,187,16
10/17/2015,Accessories,1,92,106,14
10/17/2015,Accessories,3,560,621,61
10/17/2015,Accessories,2,45,58,13
10/17/2015,Accessories,1,319,418,99
10/17/2015,Accessories,2,420,565,145
10/17/2015,Accessories,1,100,121,21
10/17/2015,Accessories,2,9,12,3
10/17/2015,Bikes,2,"2,295.00","1,876.00",-419
10/17/2015,Accessories,2,56,65,9
10/17/2015,Accessories,3,150,159,9
10/17/2015,Accessories,2,120,143,23
10/17/2015,Accessories,3,2,2,0
10/17/2015,Accessories,2,144,194,50
10/17/2015,Accessories,2,95,121,26
10/17/2015,Bikes,2,"2,320.00","2,373.00",53
10/17/2015,Accessories,2,70,75,5
10/17/2015,Accessories,3,120,130,10
10/17/2015,Clothing,1,207,235,28
10/17/2015,Accessories,3,35,37,2
10/17/2015,Bikes,2,"2,443.00","2,872.00",429
10/17/2015,Clothing,1,"1,016.00","1,055.00",39
10/18/2015,Accessories,2,735,819,84
10/18/2015,Accessories,3,140,164,24
10/18/2015,Accessories,1,105,107,2
10/18/2015,Clothing,1,702,788,86
10/18/2015,Accessories,2,696,730,34
10/18/2015,Accessories,1,150,172,22
10/18/2015,Accessories,3,50,56,6
10/18/2015,Clothing,2,508,577,69
10/18/2015,Clothing,3,270,313,43
10/18/2015,Clothing,1,950,925,-25
10/18/2015,Clothing,1,"1,250.00","1,604.00",354
10/18/2015,Bikes,2,565,547,-18
10/18/2015,Clothing,3,9,10,1
10/18/2015,Bikes,3,"2,295.00","2,315.00",20
10/18/2015,Accessories,2,980,"1,047.00",67
10/18/2015,Clothing,2,63,72,9
10/18/2015,Bikes,2,"2,443.00","2,266.00",-177
10/18/2015,Accessories,3,424,313,-111
10/18/2015,Clothing,1,162,135,-27
10/18/2015,Accessories,2,990,"1,352.00",362
10/18/2015,Clothing,3,81,74,-7
10/18/2015,Accessories,1,150,159,9
10/18/2015,Accessories,1,258,227,-31
10/18/2015,Accessories,2,16,20,4
10/18/2015,Accessories,2,21,30,9
10/18/2015,Accessories,1,34,45,11
10/18/2015,Accessories,3,279,399,120
10/18/2015,Accessories,3,9,12,3
10/18/2015,Bikes,2,"1,701.00","1,576.00",-125
10/18/2015,Bikes,1,540,588,48
10/19/2015,Accessories,1,140,167,27
10/19/2015,Bikes,1,"2,295.00","2,552.00",257
10/19/2015,Accessories,1,110,146,36
10/19/2015,Accessories,2,110,146,36
10/19/2015,Bikes,2,"2,320.00","2,108.00",-212
10/19/2015,Bikes,1,"2,320.00","2,713.00",393
10/19/2015,Accessories,3,230,242,12
10/19/2015,Accessories,2,60,64,4
10/19/2015,Bikes,2,565,570,5
10/19/2015,Bikes,1,"2,384.00","2,083.00",-301
10/19/2015,Bikes,3,"2,295.00","2,219.00",-76
10/19/2015,Bikes,1,"2,320.00","2,763.00",443
10/19/2015,Accessories,1,550,745,195
10/19/2015,Accessories,3,326,340,14
10/19/2015,Accessories,2,108,145,37
10/19/2015,Accessories,1,170,166,-4
10/19/2015,Accessories,3,65,67,2
10/20/2015,Accessories,2,120,141,21
10/20/2015,Accessories,1,125,130,5
10/20/2015,Accessories,1,140,143,3
10/20/2015,Bikes,2,"2,320.00","2,010.00",-310
10/20/2015,Accessories,1,595,668,73
10/20/2015,Accessories,1,80,83,3
10/20/2015,Accessories,3,420,457,37
10/20/2015,Accessories,1,32,33,1
10/20/2015,Clothing,2,"1,397.00","1,476.00",79
10/20/2015,Clothing,1,63,63,0
10/20/2015,Accessories,1,840,737,-103
10/20/2015,Accessories,3,540,595,55
10/20/2015,Clothing,1,"1,500.00","1,633.00",133
10/20/2015,Bikes,1,"2,295.00","2,272.00",-23
10/20/2015,Accessories,2,420,461,41
10/20/2015,Accessories,2,700,727,27
10/20/2015,Accessories,2,120,125,5
10/20/2015,Bikes,3,"2,295.00","1,943.00",-352
10/20/2015,Bikes,3,"2,320.00","2,046.00",-274
10/20/2015,Accessories,1,76,85,9
10/20/2015,Accessories,3,665,753,88
10/20/2015,Accessories,1,120,131,11
10/20/2015,Accessories,3,115,155,40
10/20/2015,Accessories,1,605,724,119
10/20/2015,Accessories,1,275,250,-25
10/20/2015,Accessories,3,270,293,23
10/20/2015,Bikes,3,769,638,-131
10/20/2015,Accessories,2,490,485,-5
10/20/2015,Accessories,2,135,137,2
10/20/2015,Accessories,3,770,815,45
10/20/2015,Accessories,2,65,92,27
10/20/2015,Accessories,2,48,65,17
10/20/2015,Accessories,3,120,135,15
10/20/2015,Accessories,1,489,564,75
10/20/2015,Bikes,3,540,468,-72
10/20/2015,Accessories,3,735,740,5
10/21/2015,Accessories,3,715,804,89
10/21/2015,Accessories,1,522,558,36
10/21/2015,Bikes,1,"2,443.00","2,927.00",484
10/21/2015,Clothing,2,"1,566.00","1,746.00",180
10/21/2015,Accessories,1,105,108,3
10/21/2015,Bikes,3,"2,443.00","1,965.00",-478
10/21/2015,Clothing,1,950,"1,127.00",177
10/21/2015,Bikes,2,"2,320.00","2,552.00",232
10/21/2015,Bikes,3,"2,320.00","2,074.00",-246
10/21/2015,Accessories,1,493,507,14
10/21/2015,Accessories,2,40,43,3
10/21/2015,Accessories,3,48,52,4
10/21/2015,Bikes,2,565,488,-77
10/21/2015,Bikes,2,"2,384.00","2,573.00",189
10/21/2015,Accessories,2,135,160,25
10/21/2015,Accessories,3,140,155,15
10/21/2015,Accessories,1,875,958,83
10/21/2015,Bikes,3,"2,443.00","2,700.00",257
10/21/2015,Accessories,1,70,72,2
10/21/2015,Clothing,1,"1,150.00","1,138.00",-12
10/21/2015,Accessories,1,630,670,40
10/21/2015,Clothing,2,648,523,-125
10/21/2015,Bikes,1,"1,701.00","1,843.00",142
10/21/2015,Accessories,3,175,133,-42
10/21/2015,Accessories,3,870,"1,337.00",467
10/21/2015,Accessories,2,115,97,-18
10/21/2015,Accessories,1,125,137,12
10/21/2015,Accessories,1,315,362,47
10/21/2015,Clothing,3,980,"1,224.00",244
10/21/2015,Accessories,1,60,62,2
10/21/2015,Bikes,3,"1,120.00","1,107.00",-13
10/22/2015,Accessories,1,189,179,-10
10/22/2015,Accessories,3,20,21,1
10/22/2015,Accessories,3,425,452,27
10/22/2015,Accessories,3,64,70,6
10/22/2015,Accessories,3,5,6,1
10/22/2015,Accessories,2,30,33,3
10/22/2015,Clothing,3,99,99,0
10/22/2015,Accessories,1,35,41,6
10/22/2015,Accessories,1,245,252,7
10/22/2015,Clothing,2,"1,134.00","1,146.00",12
10/22/2015,Accessories,1,240,237,-3
10/22/2015,Accessories,2,660,701,41
10/22/2015,Accessories,2,280,313,33
10/22/2015,Bikes,1,540,481,-59
10/22/2015,Accessories,2,228,272,44
10/22/2015,Accessories,1,120,138,18
10/22/2015,Bikes,2,"2,320.00","1,921.00",-399
10/22/2015,Bikes,2,"2,295.00","2,672.00",377
10/22/2015,Accessories,2,805,"1,129.00",324
10/22/2015,Accessories,3,80,105,25
10/22/2015,Bikes,2,"2,320.00","2,637.00",317
10/22/2015,Accessories,1,170,234,64
10/22/2015,Accessories,2,30,39,9
10/22/2015,Accessories,2,95,128,33
10/22/2015,Accessories,2,107,121,14
10/22/2015,Accessories,1,2,3,1
10/22/2015,Bikes,3,540,531,-9
10/22/2015,Accessories,3,455,488,33
10/22/2015,Bikes,1,540,349,-191
10/22/2015,Accessories,2,84,87,3
10/22/2015,Clothing,2,889,"1,264.00",375
10/22/2015,Accessories,1,365,325,-40
10/22/2015,Bikes,3,"2,443.00","2,276.00",-167
10/22/2015,Accessories,2,280,325,45
10/22/2015,Bikes,3,"2,443.00","2,221.00",-222
10/22/2015,Accessories,2,630,637,7
10/23/2015,Clothing,2,180,251,71
10/23/2015,Accessories,2,40,49,9
10/23/2015,Accessories,2,27,31,4
10/23/2015,Accessories,3,60,68,8
10/23/2015,Accessories,3,175,199,24
10/23/2015,Clothing,3,50,49,-1
10/23/2015,Accessories,2,115,130,15
10/23/2015,Accessories,1,300,297,-3
10/23/2015,Bikes,3,"2,295.00","2,408.00",113
10/23/2015,Accessories,1,10,11,1
10/23/2015,Accessories,1,"1,210.00","1,235.00",25
10/23/2015,Bikes,1,"2,295.00","2,260.00",-35
10/23/2015,Clothing,1,135,149,14
10/23/2015,Bikes,2,"2,384.00","2,276.00",-108
10/23/2015,Clothing,3,90,117,27
10/23/2015,Accessories,2,95,130,35
10/23/2015,Clothing,3,234,230,-4
10/23/2015,Clothing,1,18,17,-1
10/23/2015,Bikes,3,"2,295.00","1,963.00",-332
10/23/2015,Accessories,1,945,"1,061.00",116
10/23/2015,Bikes,3,"1,701.00","1,597.00",-104
10/23/2015,Clothing,2,252,217,-35
10/23/2015,Accessories,3,171,215,44
10/23/2015,Accessories,3,150,183,33
10/23/2015,Accessories,1,770,945,175
10/23/2015,Bikes,2,"2,443.00","2,050.00",-393
10/23/2015,Accessories,3,120,132,12
10/23/2015,Accessories,2,4,4,0
10/23/2015,Accessories,3,107,139,32
10/23/2015,Accessories,1,64,72,8
10/23/2015,Accessories,3,630,738,108
10/23/2015,Bikes,1,540,411,-129
10/23/2015,Accessories,2,45,43,-2
10/23/2015,Accessories,3,55,68,13
10/23/2015,Accessories,2,770,722,-48
10/23/2015,Accessories,3,315,356,41
10/23/2015,Bikes,2,"2,295.00","2,009.00",-286
10/23/2015,Clothing,3,200,272,72
10/23/2015,Clothing,3,953,919,-34
10/23/2015,Accessories,3,90,95,5
10/23/2015,Accessories,2,120,131,11
10/23/2015,Accessories,3,231,257,26
10/23/2015,Accessories,2,45,43,-2
10/23/2015,Accessories,2,840,978,138
10/24/2015,Clothing,1,140,165,25
10/24/2015,Bikes,3,"2,295.00","2,086.00",-209
10/24/2015,Accessories,2,180,201,21
10/24/2015,Accessories,2,16,16,0
10/24/2015,Clothing,3,153,151,-2
10/24/2015,Accessories,3,725,803,78
10/24/2015,Accessories,3,85,103,18
10/24/2015,Accessories,3,700,821,121
10/24/2015,Accessories,3,135,180,45
10/24/2015,Accessories,3,602,759,157
10/24/2015,Accessories,3,605,655,50
10/24/2015,Clothing,2,162,198,36
10/25/2015,Accessories,2,840,925,85
10/25/2015,Accessories,2,88,120,32
10/25/2015,Accessories,1,23,30,7
10/25/2015,Bikes,2,"2,295.00","2,073.00",-222
10/25/2015,Accessories,1,105,113,8
10/25/2015,Accessories,1,65,75,10
10/25/2015,Accessories,2,848,891,43
10/25/2015,Accessories,2,175,206,31
10/25/2015,Accessories,2,11,12,1
10/25/2015,Accessories,1,45,45,0
10/25/2015,Accessories,2,75,78,3
10/25/2015,Accessories,3,34,40,6
10/25/2015,Bikes,1,"1,120.00",969,-151
10/25/2015,Clothing,1,108,128,20
10/25/2015,Bikes,1,"2,443.00","2,132.00",-311
10/25/2015,Accessories,1,104,115,11
10/25/2015,Accessories,1,522,536,14
10/25/2015,Accessories,2,11,14,3
10/25/2015,Clothing,1,"1,400.00","1,369.00",-31
10/25/2015,Clothing,1,99,119,20
10/25/2015,Accessories,2,840,832,-8
10/25/2015,Accessories,1,150,174,24
10/25/2015,Clothing,2,"1,500.00","1,472.00",-28
10/25/2015,Accessories,3,100,116,16
10/25/2015,Accessories,2,551,858,307
10/25/2015,Clothing,1,100,149,49
10/25/2015,Clothing,2,243,297,54
10/25/2015,Bikes,1,769,792,23
10/25/2015,Clothing,3,72,82,10
10/26/2015,Bikes,1,"2,295.00","2,675.00",380
10/26/2015,Accessories,3,130,158,28
10/26/2015,Accessories,2,15,21,6
10/26/2015,Bikes,2,"2,320.00","2,139.00",-181
10/26/2015,Clothing,2,486,566,80
10/26/2015,Clothing,2,432,426,-6
10/26/2015,Clothing,3,"1,450.00","1,567.00",117
10/26/2015,Clothing,2,216,207,-9
10/26/2015,Accessories,1,770,823,53
10/26/2015,Bikes,3,"2,320.00","2,785.00",465
10/26/2015,Accessories,3,840,"1,107.00",267
10/26/2015,Clothing,2,100,131,31
10/26/2015,Bikes,2,"2,295.00","2,247.00",-48
10/26/2015,Accessories,1,30,31,1
10/26/2015,Bikes,3,"2,320.00","2,455.00",135
10/26/2015,Accessories,3,70,74,4
10/26/2015,Bikes,3,742,681,-61
10/26/2015,Accessories,2,175,191,16
10/26/2015,Accessories,1,10,11,1
10/26/2015,Accessories,3,20,22,2
10/26/2015,Bikes,1,"2,295.00","2,284.00",-11
10/26/2015,Bikes,3,"2,295.00","2,006.00",-289
10/26/2015,Bikes,3,"2,443.00","1,963.00",-480
10/26/2015,Accessories,3,12,10,-2
10/26/2015,Clothing,3,198,154,-44
10/26/2015,Accessories,1,560,698,138
10/26/2015,Clothing,3,207,154,-53
10/26/2015,Accessories,1,172,199,27
10/26/2015,Accessories,1,23,20,-3
10/26/2015,Bikes,2,742,688,-54
10/26/2015,Accessories,1,87,96,9
10/26/2015,Accessories,1,140,150,10
10/26/2015,Accessories,2,350,407,57
10/26/2015,Accessories,3,910,990,80
10/27/2015,Accessories,3,250,259,9
10/27/2015,Accessories,1,27,29,2
10/27/2015,Accessories,3,754,907,153
10/27/2015,Accessories,2,25,27,2
10/27/2015,Clothing,3,900,"1,028.00",128
10/27/2015,Clothing,1,72,73,1
10/27/2015,Bikes,3,"2,320.00","2,506.00",186
10/27/2015,Clothing,1,216,265,49
10/27/2015,Clothing,1,150,178,28
10/27/2015,Bikes,1,"2,443.00","2,477.00",34
10/27/2015,Accessories,2,652,711,59
10/27/2015,Accessories,3,20,23,3
10/27/2015,Clothing,1,135,132,-3
10/27/2015,Clothing,1,50,50,0
10/27/2015,Bikes,2,"2,384.00","2,521.00",137
10/27/2015,Accessories,2,234,309,75
10/27/2015,Accessories,3,90,127,37
10/27/2015,Bikes,1,565,524,-41
10/27/2015,Accessories,1,735,602,-133
10/27/2015,Accessories,1,301,348,47
10/27/2015,Accessories,3,25,27,2
10/27/2015,Accessories,2,116,164,48
10/27/2015,Accessories,2,125,103,-22
10/27/2015,Accessories,1,18,23,5
10/28/2015,Accessories,1,117,146,29
10/28/2015,Accessories,1,120,136,16
10/28/2015,Bikes,3,"2,295.00","2,087.00",-208
10/28/2015,Clothing,2,486,524,38
10/28/2015,Bikes,3,"2,295.00","2,454.00",159
10/28/2015,Accessories,2,910,"1,079.00",169
10/28/2015,Accessories,1,145,147,2
10/28/2015,Clothing,3,"1,200.00","1,368.00",168
10/28/2015,Accessories,2,24,28,4
10/28/2015,Accessories,2,750,778,28
10/28/2015,Accessories,3,10,11,1
10/28/2015,Accessories,1,420,432,12
10/28/2015,Accessories,1,980,"1,034.00",54
10/28/2015,Bikes,1,"1,215.00","1,284.00",69
10/28/2015,Clothing,2,"1,134.00","1,342.00",208
10/28/2015,Bikes,1,"2,295.00","2,156.00",-139
10/28/2015,Accessories,1,490,581,91
10/28/2015,Accessories,3,85,100,15
10/28/2015,Bikes,3,"2,384.00","2,204.00",-180
10/28/2015,Bikes,3,"2,443.00","2,400.00",-43
10/28/2015,Accessories,3,587,650,63
10/28/2015,Accessories,1,455,503,48
10/28/2015,Clothing,1,36,32,-4
10/28/2015,Accessories,3,64,56,-8
10/28/2015,Accessories,3,25,29,4
10/28/2015,Accessories,1,80,108,28
10/28/2015,Bikes,2,"1,215.00","1,282.00",67
10/28/2015,Clothing,3,"1,470.00","1,965.00",495
10/28/2015,Clothing,2,108,103,-5
10/28/2015,Accessories,3,685,677,-8
10/28/2015,Accessories,3,68,70,2
10/28/2015,Accessories,1,11,13,2
10/29/2015,Accessories,2,90,99,9
10/29/2015,Accessories,2,700,787,87
10/29/2015,Accessories,3,110,117,7
10/29/2015,Accessories,1,630,646,16
10/29/2015,Accessories,2,100,119,19
10/29/2015,Clothing,3,225,229,4
10/29/2015,Bikes,2,"2,320.00","2,451.00",131
10/29/2015,Accessories,3,560,648,88
10/29/2015,Accessories,2,199,226,27
10/29/2015,Accessories,3,8,8,0
10/29/2015,Accessories,2,945,"1,196.00",251
10/29/2015,Accessories,1,455,476,21
10/29/2015,Accessories,3,516,526,10
10/29/2015,Accessories,3,50,52,2
10/29/2015,Bikes,3,540,524,-16
10/29/2015,Accessories,1,385,292,-93
10/29/2015,Bikes,2,"2,443.00","2,228.00",-215
10/29/2015,Accessories,2,75,84,9
10/29/2015,Accessories,2,55,69,14
10/29/2015,Accessories,1,10,10,0
10/29/2015,Accessories,3,"1,100.00","1,117.00",17
10/29/2015,Accessories,3,95,111,16
10/29/2015,Accessories,3,57,75,18
10/29/2015,Accessories,3,69,72,3
10/29/2015,Clothing,3,72,67,-5
10/30/2015,Accessories,2,"1,015.00","1,016.00",1
10/30/2015,Bikes,3,540,551,11
10/30/2015,Clothing,3,54,63,9
10/30/2015,Accessories,3,"1,050.00","1,241.00",191
10/30/2015,Accessories,3,40,40,0
10/30/2015,Clothing,2,99,94,-5
10/30/2015,Accessories,2,840,842,2
10/30/2015,Bikes,3,"1,120.00","1,109.00",-11
10/30/2015,Bikes,3,540,676,136
10/30/2015,Accessories,2,72,98,26
10/30/2015,Accessories,3,35,50,15
10/30/2015,Accessories,3,191,261,70
10/30/2015,Bikes,1,"2,295.00","1,942.00",-353
10/30/2015,Accessories,2,100,120,20
10/30/2015,Accessories,3,125,133,8
10/30/2015,Accessories,1,350,368,18
10/30/2015,Bikes,1,769,631,-138
10/30/2015,Accessories,2,33,41,8
10/30/2015,Clothing,3,"1,134.00","1,186.00",52
10/30/2015,Bikes,2,"2,320.00","2,486.00",166
10/30/2015,Accessories,2,35,30,-5
10/30/2015,Accessories,3,20,24,4
10/30/2015,Accessories,2,805,627,-178
10/30/2015,Accessories,1,280,367,87
10/30/2015,Clothing,2,"1,000.00",762,-238
10/30/2015,Bikes,2,"2,384.00","1,634.00",-750
10/30/2015,Bikes,2,742,559,-183
10/30/2015,Accessories,3,455,533,78
10/30/2015,Bikes,2,540,594,54
10/30/2015,Accessories,1,120,96,-24
10/30/2015,Accessories,2,216,222,6
10/30/2015,Accessories,2,525,579,54
10/31/2015,Accessories,3,490,520,30
10/31/2015,Accessories,2,85,94,9
10/31/2015,Accessories,2,37,41,4
10/31/2015,Accessories,2,875,883,8
10/31/2015,Accessories,2,735,905,170
10/31/2015,Bikes,3,"2,320.00","2,113.00",-207
10/31/2015,Accessories,3,64,75,11
10/31/2015,Bikes,3,"2,384.00","2,035.00",-349
10/31/2015,Accessories,3,80,104,24
10/31/2015,Accessories,1,35,48,13
10/31/2015,Clothing,1,918,961,43
10/31/2015,Clothing,2,207,294,87
10/31/2015,Bikes,1,540,475,-65
10/31/2015,Bikes,2,"2,295.00","2,492.00",197
10/31/2015,Accessories,3,140,183,43
10/31/2015,Accessories,3,490,608,118
10/31/2015,Accessories,3,525,659,134
10/31/2015,Clothing,2,270,325,55
10/31/2015,Accessories,2,300,387,87
10/31/2015,Accessories,3,875,936,61
10/31/2015,Accessories,3,60,69,9
10/31/2015,Clothing,3,630,755,125
10/31/2015,Bikes,2,742,726,-16
10/31/2015,Accessories,1,260,298,38
10/31/2015,Accessories,1,70,75,5
10/31/2015,Accessories,1,135,155,20
11/1/2015,Accessories,2,385,427,42
11/1/2015,Accessories,3,115,130,15
11/1/2015,Accessories,3,455,510,55
11/1/2015,Accessories,1,32,35,3
11/1/2015,Accessories,3,64,72,8
11/1/2015,Bikes,1,"2,320.00","2,214.00",-106
11/1/2015,Clothing,1,243,245,2
11/1/2015,Clothing,2,108,123,15
11/1/2015,Accessories,3,80,99,19
11/1/2015,Accessories,1,140,170,30
11/1/2015,Accessories,1,45,52,7
11/1/2015,Accessories,2,696,950,254
11/1/2015,Clothing,3,762,859,97
11/1/2015,Bikes,1,"2,384.00","1,897.00",-487
11/1/2015,Accessories,3,455,417,-38
11/1/2015,Accessories,3,375,274,-101
11/2/2015,Accessories,1,27,30,3
11/2/2015,Bikes,3,"2,384.00","2,794.00",410
11/2/2015,Clothing,3,108,137,29
11/2/2015,Bikes,1,"2,320.00","2,701.00",381
11/2/2015,Accessories,2,14,15,1
11/2/2015,Bikes,3,742,745,3
11/2/2015,Accessories,2,840,956,116
11/2/2015,Clothing,2,450,568,118
11/2/2015,Bikes,1,"2,443.00","1,959.00",-484
11/2/2015,Accessories,2,293,369,76
11/2/2015,Accessories,2,105,123,18
11/2/2015,Bikes,3,"2,295.00","2,113.00",-182
11/2/2015,Bikes,1,"2,320.00","1,998.00",-322
11/2/2015,Bikes,2,"2,320.00","2,150.00",-170
11/2/2015,Accessories,1,15,16,1
11/2/2015,Accessories,1,300,338,38
11/2/2015,Accessories,2,75,86,11
11/2/2015,Accessories,3,40,42,2
11/2/2015,Bikes,2,769,785,16
11/2/2015,Clothing,3,"1,820.00","2,065.00",245
11/2/2015,Accessories,1,81,74,-7
11/2/2015,Accessories,1,140,184,44
11/2/2015,Bikes,3,"2,295.00","2,573.00",278
11/2/2015,Accessories,2,230,282,52
11/2/2015,Accessories,1,20,19,-1
11/2/2015,Accessories,2,980,985,5
11/2/2015,Clothing,2,"1,890.00","2,567.00",677
11/2/2015,Accessories,3,90,115,25
11/2/2015,Accessories,3,805,967,162
11/2/2015,Accessories,1,652,695,43
11/2/2015,Accessories,1,16,18,2
11/3/2015,Accessories,1,15,16,1
11/3/2015,Accessories,2,315,356,41
11/3/2015,Accessories,1,183,181,-2
11/3/2015,Accessories,2,319,389,70
11/3/2015,Accessories,3,280,283,3
11/3/2015,Accessories,1,55,56,1
11/3/2015,Clothing,2,270,279,9
11/3/2015,Accessories,1,105,116,11
11/3/2015,Accessories,1,455,505,50
11/3/2015,Accessories,3,220,294,74
11/3/2015,Clothing,2,153,219,66
11/3/2015,Accessories,3,75,102,27
11/3/2015,Accessories,1,525,636,111
11/3/2015,Accessories,1,980,"1,021.00",41
11/3/2015,Accessories,3,130,148,18
11/3/2015,Clothing,1,63,68,5
11/3/2015,Clothing,2,50,48,-2
11/3/2015,Bikes,1,"2,295.00","2,069.00",-226
11/3/2015,Bikes,2,"2,295.00","2,090.00",-205
11/3/2015,Accessories,1,105,110,5
11/3/2015,Accessories,1,870,886,16
11/3/2015,Accessories,3,5,5,0
11/3/2015,Bikes,2,"2,295.00","2,644.00",349
11/3/2015,Bikes,3,565,549,-16
11/3/2015,Accessories,3,240,268,28
11/3/2015,Accessories,1,60,69,9
11/3/2015,Accessories,3,690,949,259
11/3/2015,Accessories,1,21,27,6
11/3/2015,Accessories,2,"1,590.00","1,873.00",283
11/3/2015,Clothing,3,"1,890.00","2,046.00",156
11/3/2015,Accessories,2,145,157,12
11/3/2015,Accessories,2,"1,015.00","1,108.00",93
11/3/2015,Accessories,1,455,469,14
11/3/2015,Bikes,3,"2,320.00","2,094.00",-226
11/3/2015,Accessories,3,170,202,32
11/4/2015,Bikes,2,"1,215.00","1,520.00",305
11/4/2015,Accessories,2,85,101,16
11/4/2015,Accessories,2,464,494,30
11/4/2015,Accessories,2,"1,050.00","1,307.00",257
11/4/2015,Accessories,1,70,81,11
11/4/2015,Accessories,3,70,79,9
11/4/2015,Accessories,3,44,43,-1
11/4/2015,Bikes,1,540,453,-87
11/4/2015,Bikes,2,742,693,-49
11/4/2015,Accessories,2,48,58,10
11/4/2015,Accessories,1,525,566,41
11/4/2015,Bikes,2,"2,320.00","2,147.00",-173
11/4/2015,Accessories,2,200,212,12
11/4/2015,Accessories,2,80,95,15
11/4/2015,Accessories,3,280,335,55
11/4/2015,Bikes,1,"1,120.00",966,-154
11/4/2015,Clothing,1,400,399,-1
11/4/2015,Accessories,3,228,264,36
11/4/2015,Accessories,1,50,56,6
11/4/2015,Accessories,2,15,16,1
11/4/2015,Accessories,2,551,631,80
11/4/2015,Accessories,3,140,135,-5
11/4/2015,Accessories,3,50,42,-8
11/4/2015,Clothing,1,162,155,-7
11/4/2015,Bikes,1,540,663,123
11/4/2015,Accessories,2,100,142,42
11/4/2015,Accessories,2,365,446,81
11/4/2015,Accessories,3,490,674,184
11/5/2015,Accessories,2,110,127,17
11/5/2015,Bikes,1,"1,120.00","1,062.00",-58
11/5/2015,Bikes,2,"2,295.00","2,004.00",-291
11/5/2015,Accessories,3,315,353,38
11/5/2015,Accessories,2,50,49,-1
11/5/2015,Accessories,3,770,876,106
11/5/2015,Clothing,1,198,187,-11
11/5/2015,Accessories,1,75,83,8
11/5/2015,Accessories,3,945,"1,120.00",175
11/5/2015,Accessories,1,770,906,136
11/5/2015,Accessories,3,193,230,37
11/5/2015,Accessories,1,44,48,4
11/5/2015,Accessories,2,300,392,92
11/5/2015,Accessories,2,110,136,26
11/5/2015,Accessories,1,660,657,-3
11/5/2015,Bikes,3,"2,295.00","2,267.00",-28
11/5/2015,Accessories,2,315,348,33
11/5/2015,Bikes,3,565,533,-32
11/5/2015,Bikes,1,"2,320.00","2,352.00",32
11/5/2015,Bikes,2,540,616,76
11/5/2015,Clothing,1,261,181,-80
11/5/2015,Accessories,2,245,259,14
11/5/2015,Accessories,3,650,679,29
11/5/2015,Accessories,1,62,62,0
11/5/2015,Bikes,2,"2,320.00","2,088.00",-232
11/5/2015,Accessories,3,560,567,7
11/6/2015,Bikes,1,540,444,-96
11/6/2015,Accessories,1,108,97,-11
11/6/2015,Bikes,3,"2,320.00","1,966.00",-354
11/6/2015,Accessories,2,60,66,6
11/6/2015,Accessories,1,105,112,7
11/6/2015,Accessories,3,105,115,10
11/6/2015,Clothing,3,"1,450.00","1,380.00",-70
11/6/2015,Clothing,3,171,175,4
11/6/2015,Bikes,3,769,937,168
11/6/2015,Bikes,3,"2,443.00","2,206.00",-237
11/6/2015,Clothing,2,210,164,-46
11/6/2015,Clothing,1,"1,566.00","1,618.00",52
11/6/2015,Bikes,2,540,652,112
11/6/2015,Accessories,3,43,52,9
11/6/2015,Accessories,3,280,275,-5
11/6/2015,Accessories,1,65,48,-17
11/6/2015,Clothing,1,72,101,29
11/6/2015,Accessories,3,602,643,41
11/6/2015,Accessories,3,37,41,4
11/6/2015,Clothing,2,490,546,56
11/7/2015,Bikes,2,540,512,-28
11/7/2015,Accessories,2,455,563,108
11/7/2015,Accessories,2,4,5,1
11/7/2015,Accessories,2,782,850,68
11/7/2015,Accessories,2,37,38,1
11/7/2015,Clothing,1,50,53,3
11/7/2015,Accessories,2,910,"1,047.00",137
11/7/2015,Accessories,1,145,167,22
11/7/2015,Accessories,2,55,61,6
11/7/2015,Clothing,3,550,648,98
11/7/2015,Accessories,2,140,209,69
11/7/2015,Bikes,1,"2,320.00","1,925.00",-395
11/7/2015,Bikes,3,"1,120.00","1,315.00",195
11/7/2015,Accessories,1,595,792,197
11/7/2015,Accessories,1,135,148,13
11/7/2015,Accessories,3,325,344,19
11/7/2015,Accessories,1,21,24,3
11/7/2015,Accessories,2,110,154,44
11/7/2015,Accessories,2,700,931,231
11/7/2015,Accessories,1,245,270,25
11/7/2015,Accessories,2,665,779,114
11/7/2015,Accessories,3,50,60,10
11/7/2015,Accessories,3,875,923,48
11/7/2015,Accessories,3,41,50,9
11/7/2015,Bikes,3,"2,320.00","2,355.00",35
11/7/2015,Bikes,3,540,640,100
11/8/2015,Accessories,3,105,108,3
11/8/2015,Accessories,2,85,94,9
11/8/2015,Accessories,1,"1,015.00","1,090.00",75
11/8/2015,Accessories,2,53,55,2
11/8/2015,Clothing,2,"1,050.00","1,038.00",-12
11/8/2015,Clothing,3,54,51,-3
11/8/2015,Accessories,2,280,301,21
11/8/2015,Bikes,2,"2,384.00","2,455.00",71
11/8/2015,Accessories,1,870,"1,002.00",132
11/8/2015,Accessories,2,140,164,24
11/8/2015,Accessories,1,150,162,12
11/8/2015,Accessories,3,595,798,203
11/8/2015,Accessories,2,880,982,102
11/8/2015,Bikes,1,540,542,2
11/8/2015,Clothing,2,650,668,18
11/8/2015,Accessories,3,840,853,13
11/8/2015,Accessories,3,55,56,1
11/8/2015,Accessories,1,14,16,2
11/8/2015,Clothing,2,635,715,80
11/8/2015,Bikes,1,769,741,-28
11/8/2015,Accessories,2,"1,050.00","1,206.00",156
11/8/2015,Bikes,3,769,743,-26
11/8/2015,Accessories,1,350,361,11
11/8/2015,Clothing,3,"1,512.00","1,640.00",128
11/8/2015,Bikes,1,540,506,-34
11/8/2015,Accessories,1,110,94,-16
11/8/2015,Accessories,2,70,81,11
11/8/2015,Accessories,3,175,239,64
11/8/2015,Bikes,3,"2,320.00","2,652.00",332
11/8/2015,Clothing,3,"1,524.00","1,518.00",-6
11/8/2015,Bikes,1,"2,443.00","1,772.00",-671
11/8/2015,Accessories,1,480,531,51
11/8/2015,Accessories,1,125,137,12
11/9/2015,Accessories,1,630,691,61
11/9/2015,Accessories,3,385,419,34
11/9/2015,Clothing,3,850,891,41
11/9/2015,Bikes,2,"2,443.00","2,458.00",15
11/9/2015,Bikes,3,"2,384.00","1,958.00",-426
11/9/2015,Accessories,1,595,898,303
11/9/2015,Clothing,1,270,183,-87
11/9/2015,Accessories,3,60,63,3
11/9/2015,Accessories,1,609,685,76
11/9/2015,Accessories,1,37,41,4
11/9/2015,Bikes,3,"2,384.00","2,296.00",-88
11/9/2015,Clothing,1,252,248,-4
11/9/2015,Clothing,1,72,84,12
11/9/2015,Clothing,1,153,175,22
11/9/2015,Bikes,3,"2,295.00","1,964.00",-331
11/9/2015,Accessories,3,75,87,12
11/9/2015,Bikes,1,565,583,18
11/9/2015,Accessories,2,595,660,65
11/9/2015,Accessories,1,280,219,-61
11/9/2015,Bikes,3,742,871,129
11/9/2015,Bikes,3,742,854,112
11/9/2015,Clothing,1,108,96,-12
11/9/2015,Accessories,3,420,370,-50
11/10/2015,Bikes,3,"2,295.00","2,233.00",-62
11/10/2015,Accessories,2,16,16,0
11/10/2015,Accessories,1,636,716,80
11/10/2015,Bikes,3,"2,295.00","2,165.00",-130
11/10/2015,Accessories,2,223,260,37
11/10/2015,Accessories,3,525,669,144
11/10/2015,Accessories,3,100,127,27
11/10/2015,Accessories,2,90,111,21
11/10/2015,Clothing,2,"1,778.00","1,753.00",-25
11/10/2015,Bikes,1,"2,320.00","1,965.00",-355
11/10/2015,Bikes,3,"2,295.00","2,384.00",89
11/10/2015,Bikes,3,540,597,57
11/10/2015,Clothing,2,800,"1,041.00",241
11/10/2015,Bikes,1,565,524,-41
11/10/2015,Clothing,2,270,301,31
11/10/2015,Accessories,2,228,300,72
11/10/2015,Bikes,3,540,529,-11
11/10/2015,Accessories,1,660,936,276
11/10/2015,Accessories,3,80,67,-13
11/10/2015,Clothing,3,90,83,-7
11/10/2015,Bikes,3,"2,443.00","2,008.00",-435
11/10/2015,Accessories,2,162,183,21
11/10/2015,Accessories,3,135,176,41
11/10/2015,Accessories,1,174,184,10
11/10/2015,Accessories,1,110,112,2
11/10/2015,Accessories,3,735,711,-24
11/11/2015,Accessories,3,100,107,7
11/11/2015,Accessories,2,150,162,12
11/11/2015,Accessories,3,525,622,97
11/11/2015,Accessories,2,735,911,176
11/11/2015,Clothing,3,"1,150.00","1,291.00",141
11/11/2015,Bikes,2,"1,120.00","1,307.00",187
11/11/2015,Accessories,2,325,354,29
11/11/2015,Bikes,3,"2,295.00","2,069.00",-226
11/11/2015,Accessories,3,560,624,64
11/11/2015,Clothing,3,"1,404.00","1,444.00",40
11/11/2015,Clothing,3,900,"1,137.00",237
11/11/2015,Accessories,2,630,724,94
11/11/2015,Clothing,3,"1,540.00","1,784.00",244
11/11/2015,Bikes,3,"2,320.00","2,240.00",-80
11/12/2015,Accessories,3,95,94,-1
11/12/2015,Accessories,3,280,319,39
11/12/2015,Accessories,1,100,105,5
11/12/2015,Clothing,3,"1,050.00","1,123.00",73
11/12/2015,Accessories,2,30,38,8
11/12/2015,Accessories,1,210,162,-48
11/12/2015,Bikes,3,769,680,-89
11/12/2015,Accessories,3,23,25,2
11/12/2015,Accessories,1,70,84,14
11/12/2015,Bikes,3,"2,320.00","2,048.00",-272
11/12/2015,Accessories,2,35,38,3
11/12/2015,Accessories,2,280,319,39
11/12/2015,Bikes,1,"2,443.00","2,646.00",203
11/12/2015,Accessories,3,210,236,26
11/12/2015,Accessories,3,980,"1,289.00",309
11/12/2015,Clothing,2,117,156,39
11/12/2015,Bikes,3,"2,295.00","2,286.00",-9
11/12/2015,Bikes,3,540,559,19
11/12/2015,Bikes,1,"2,295.00","2,410.00",115
11/12/2015,Clothing,1,"2,030.00","2,541.00",511
11/12/2015,Clothing,3,63,82,19
11/12/2015,Accessories,3,455,424,-31
11/12/2015,Accessories,1,5,6,1
11/12/2015,Accessories,2,150,114,-36
11/12/2015,Accessories,2,945,977,32
11/12/2015,Accessories,1,20,28,8
11/12/2015,Accessories,3,"1,100.00","1,266.00",166
11/13/2015,Bikes,2,742,602,-140
11/13/2015,Accessories,2,580,572,-8
11/13/2015,Accessories,2,75,77,2
11/13/2015,Accessories,1,350,275,-75
11/13/2015,Accessories,2,365,377,12
11/13/2015,Accessories,2,92,96,4
11/13/2015,Bikes,1,"2,320.00","2,093.00",-227
11/13/2015,Accessories,2,32,33,1
11/13/2015,Accessories,2,10,12,2
11/13/2015,Accessories,3,315,238,-77
11/13/2015,Accessories,2,10,13,3
11/13/2015,Accessories,3,455,414,-41
11/13/2015,Accessories,2,65,63,-2
11/13/2015,Clothing,3,63,72,9
11/13/2015,Bikes,1,"2,295.00","2,879.00",584
11/13/2015,Accessories,3,560,724,164
11/13/2015,Bikes,1,"2,295.00","2,090.00",-205
11/13/2015,Accessories,1,85,99,14
11/13/2015,Accessories,2,160,170,10
11/13/2015,Clothing,3,171,204,33
11/13/2015,Accessories,2,391,423,32
11/13/2015,Accessories,3,68,78,10
11/13/2015,Accessories,3,58,63,5
11/13/2015,Accessories,3,20,21,1
11/13/2015,Bikes,3,769,701,-68
11/13/2015,Clothing,3,490,540,50
11/13/2015,Clothing,3,90,107,17
11/13/2015,Clothing,1,70,71,1
11/13/2015,Accessories,2,50,52,2
11/13/2015,Accessories,1,87,93,6
11/13/2015,Accessories,3,290,367,77
11/13/2015,Accessories,3,130,180,50
11/13/2015,Accessories,2,37,37,0
11/13/2015,Bikes,3,"2,295.00","1,854.00",-441
11/13/2015,Accessories,3,50,54,4
11/13/2015,Bikes,1,"2,384.00","1,464.00",-920
11/13/2015,Accessories,2,275,325,50
11/14/2015,Clothing,1,189,213,24
11/14/2015,Bikes,1,"2,384.00","2,266.00",-118
11/14/2015,Accessories,2,5,5,0
11/14/2015,Accessories,1,300,330,30
11/14/2015,Accessories,1,70,75,5
11/14/2015,Accessories,3,"1,015.00","1,116.00",101
11/14/2015,Bikes,3,769,688,-81
11/14/2015,Accessories,1,690,709,19
11/14/2015,Accessories,2,120,144,24
11/14/2015,Accessories,3,60,59,-1
11/14/2015,Accessories,1,231,249,18
11/14/2015,Clothing,1,"1,080.00","1,178.00",98
11/14/2015,Clothing,1,70,86,16
11/14/2015,Clothing,3,"1,350.00","1,137.00",-213
11/14/2015,Accessories,3,348,352,4
11/14/2015,Accessories,1,95,76,-19
11/14/2015,Accessories,1,130,97,-33
11/14/2015,Accessories,2,435,570,135
11/14/2015,Accessories,1,162,214,52
11/14/2015,Accessories,3,105,122,17
11/14/2015,Accessories,3,770,645,-125
11/14/2015,Accessories,2,495,398,-97
11/14/2015,Bikes,1,"1,215.00","1,182.00",-33
11/14/2015,Clothing,2,864,"1,134.00",270
11/14/2015,Clothing,1,72,89,17
11/14/2015,Bikes,1,540,585,45
11/14/2015,Accessories,2,140,189,49
11/14/2015,Accessories,1,20,21,1
11/14/2015,Accessories,1,35,37,2
11/15/2015,Accessories,1,56,65,9
11/15/2015,Accessories,3,326,371,45
11/15/2015,Accessories,3,44,45,1
11/15/2015,Accessories,1,140,150,10
11/15/2015,Bikes,3,"2,320.00","2,106.00",-214
11/15/2015,Accessories,3,57,59,2
11/15/2015,Clothing,3,"1,512.00","1,612.00",100
11/15/2015,Accessories,3,290,323,33
11/15/2015,Accessories,1,95,102,7
11/15/2015,Accessories,2,350,352,2
11/15/2015,Bikes,3,769,695,-74
11/15/2015,Accessories,1,400,469,69
11/15/2015,Accessories,1,35,38,3
11/15/2015,Accessories,1,27,32,5
11/15/2015,Accessories,2,"1,272.00","1,387.00",115
11/15/2015,Accessories,3,174,196,22
11/15/2015,Accessories,1,140,152,12
11/15/2015,Accessories,2,"1,430.00","1,646.00",216
11/15/2015,Clothing,1,"1,960.00","2,123.00",163
11/15/2015,Clothing,2,"1,512.00","1,617.00",105
11/15/2015,Bikes,1,769,651,-118
11/15/2015,Accessories,1,490,522,32
11/15/2015,Bikes,1,"2,295.00","2,152.00",-143
11/15/2015,Bikes,1,742,695,-47
11/15/2015,Accessories,2,350,376,26
11/15/2015,Bikes,1,"2,384.00","1,855.00",-529
11/15/2015,Accessories,3,551,537,-14
11/15/2015,Clothing,2,54,65,11
11/15/2015,Accessories,1,140,157,17
11/16/2015,Bikes,1,"2,443.00","2,511.00",68
11/16/2015,Accessories,3,391,396,5
11/16/2015,Accessories,1,80,94,14
11/16/2015,Accessories,2,5,5,0
11/16/2015,Accessories,1,560,610,50
11/16/2015,Bikes,1,"2,320.00","2,152.00",-168
11/16/2015,Accessories,3,210,285,75
11/16/2015,Accessories,1,145,203,58
11/16/2015,Clothing,2,225,213,-12
11/16/2015,Bikes,2,"1,701.00","1,616.00",-85
11/16/2015,Bikes,2,"2,320.00","2,808.00",488
11/16/2015,Accessories,3,14,20,6
11/16/2015,Bikes,2,"2,384.00","2,855.00",471
11/16/2015,Clothing,3,108,146,38
11/16/2015,Bikes,2,769,654,-115
11/16/2015,Clothing,2,"1,500.00","2,102.00",602
11/16/2015,Accessories,3,180,268,88
11/16/2015,Accessories,1,80,85,5
11/16/2015,Accessories,1,100,133,33
11/16/2015,Accessories,1,500,399,-101
11/16/2015,Accessories,3,60,62,2
11/16/2015,Bikes,1,"2,443.00","2,272.00",-171
11/16/2015,Accessories,2,36,45,9
11/16/2015,Accessories,2,10,11,1
11/17/2015,Accessories,3,105,113,8
11/17/2015,Accessories,1,16,17,1
11/17/2015,Accessories,2,318,384,66
11/17/2015,Accessories,2,10,11,1
11/17/2015,Accessories,1,90,96,6
11/17/2015,Accessories,1,183,209,26
11/17/2015,Accessories,2,"1,050.00","1,073.00",23
11/17/2015,Accessories,2,825,"1,162.00",337
11/17/2015,Accessories,2,30,40,10
11/17/2015,Accessories,3,275,389,114
11/17/2015,Bikes,3,540,518,-22
11/17/2015,Accessories,1,20,24,4
11/17/2015,Bikes,2,"1,701.00","1,862.00",161
11/17/2015,Bikes,3,"1,701.00","2,184.00",483
11/17/2015,Accessories,1,630,504,-126
11/17/2015,Accessories,2,95,77,-18
11/17/2015,Accessories,3,980,957,-23
11/17/2015,Clothing,3,153,147,-6
11/17/2015,Clothing,1,126,98,-28
11/17/2015,Bikes,1,"2,384.00","2,243.00",-141
11/17/2015,Accessories,3,261,217,-44
11/17/2015,Accessories,3,40,32,-8
11/18/2015,Accessories,3,46,51,5
11/18/2015,Clothing,3,"1,512.00","1,686.00",174
11/18/2015,Accessories,2,455,537,82
11/18/2015,Bikes,3,540,508,-32
11/18/2015,Accessories,1,193,261,68
11/18/2015,Accessories,3,4,5,1
11/18/2015,Accessories,2,301,316,15
11/18/2015,Accessories,3,45,53,8
11/18/2015,Accessories,1,525,730,205
11/18/2015,Accessories,1,40,55,15
11/18/2015,Clothing,1,162,205,43
11/18/2015,Accessories,2,595,810,215
11/18/2015,Accessories,3,223,251,28
11/18/2015,Accessories,1,135,164,29
11/18/2015,Accessories,3,638,737,99
11/18/2015,Bikes,2,540,491,-49
11/18/2015,Bikes,2,"2,320.00","1,779.00",-541
11/18/2015,Accessories,3,55,48,-7
11/18/2015,Bikes,1,"1,701.00","1,607.00",-94
11/18/2015,Clothing,3,"1,450.00","1,597.00",147
11/18/2015,Bikes,2,"2,295.00","2,047.00",-248
11/18/2015,Bikes,2,"2,295.00","1,761.00",-534
11/18/2015,Accessories,2,420,402,-18
11/18/2015,Clothing,3,650,990,340
11/18/2015,Accessories,2,630,663,33
11/18/2015,Accessories,3,805,889,84
11/18/2015,Clothing,1,189,141,-48
11/18/2015,Accessories,3,420,547,127
11/18/2015,Clothing,1,"1,207.00","1,338.00",131
11/18/2015,Accessories,1,258,321,63
11/18/2015,Accessories,2,25,21,-4
11/18/2015,Accessories,1,301,450,149
11/19/2015,Bikes,2,"2,295.00","2,068.00",-227
11/19/2015,Bikes,1,"1,701.00","1,711.00",10
11/19/2015,Accessories,3,150,161,11
11/19/2015,Accessories,1,480,493,13
11/19/2015,Accessories,1,406,398,-8
11/19/2015,Accessories,2,60,72,12
11/19/2015,Accessories,2,350,370,20
11/19/2015,Accessories,3,35,41,6
11/19/2015,Accessories,2,25,27,2
11/19/2015,Bikes,3,"2,320.00","2,109.00",-211
11/19/2015,Accessories,2,10,11,1
11/19/2015,Accessories,2,135,146,11
11/19/2015,Accessories,3,207,239,32
11/19/2015,Clothing,2,63,82,19
11/19/2015,Accessories,3,420,478,58
11/19/2015,Accessories,1,60,86,26
11/19/2015,Bikes,3,"2,443.00","2,586.00",143
11/19/2015,Bikes,1,"2,320.00","1,926.00",-394
11/19/2015,Accessories,1,90,107,17
11/19/2015,Accessories,1,110,102,-8
11/19/2015,Accessories,1,551,549,-2
11/19/2015,Accessories,2,44,42,-2
11/19/2015,Accessories,3,39,33,-6
11/19/2015,Clothing,2,54,79,25
11/19/2015,Accessories,1,754,987,233
11/19/2015,Accessories,2,125,158,33
11/19/2015,Accessories,2,140,198,58
11/20/2015,Accessories,3,696,760,64
11/20/2015,Clothing,2,234,262,28
11/20/2015,Accessories,1,75,94,19
11/20/2015,Accessories,2,375,381,6
11/20/2015,Clothing,2,270,267,-3
11/20/2015,Accessories,1,344,389,45
11/20/2015,Bikes,2,"2,320.00","2,851.00",531
11/20/2015,Clothing,2,216,250,34
11/20/2015,Bikes,2,"1,215.00","1,122.00",-93
11/20/2015,Bikes,2,"2,295.00","2,203.00",-92
11/20/2015,Accessories,1,85,95,10
11/20/2015,Accessories,1,52,68,16
11/21/2015,Bikes,2,"1,120.00",976,-144
11/21/2015,Accessories,3,24,29,5
11/21/2015,Accessories,1,200,206,6
11/21/2015,Accessories,2,110,119,9
11/21/2015,Accessories,3,105,128,23
11/21/2015,Accessories,2,"1,050.00","1,190.00",140
11/21/2015,Accessories,1,27,33,6
11/21/2015,Accessories,3,44,61,17
11/21/2015,Accessories,2,685,487,-198
11/21/2015,Accessories,1,11,16,5
11/21/2015,Bikes,3,"2,295.00","1,986.00",-309
11/21/2015,Accessories,1,385,422,37
11/21/2015,Accessories,3,315,347,32
11/21/2015,Accessories,3,28,32,4
11/21/2015,Accessories,1,150,157,7
11/21/2015,Accessories,3,980,981,1
11/21/2015,Accessories,1,910,"1,048.00",138
11/21/2015,Bikes,1,"2,295.00","2,002.00",-293
11/21/2015,Accessories,3,64,79,15
11/21/2015,Accessories,3,4,4,0
11/21/2015,Accessories,2,245,275,30
11/21/2015,Accessories,1,50,70,20
11/21/2015,Accessories,1,92,100,8
11/21/2015,Accessories,3,62,73,11
11/22/2015,Accessories,1,24,24,0
11/22/2015,Accessories,3,64,64,0
11/22/2015,Accessories,2,207,215,8
11/22/2015,Accessories,3,46,54,8
11/22/2015,Bikes,3,769,622,-147
11/22/2015,Bikes,3,565,505,-60
11/22/2015,Accessories,2,35,37,2
11/22/2015,Accessories,2,600,698,98
11/22/2015,Accessories,2,70,73,3
11/22/2015,Accessories,2,27,28,1
11/22/2015,Bikes,3,565,566,1
11/22/2015,Bikes,3,"2,295.00","2,401.00",106
11/22/2015,Accessories,1,70,97,27
11/22/2015,Accessories,1,90,100,10
11/22/2015,Clothing,2,"1,100.00","1,269.00",169
11/22/2015,Clothing,3,500,394,-106
11/22/2015,Bikes,3,"1,120.00","1,066.00",-54
11/22/2015,Accessories,2,280,314,34
11/22/2015,Bikes,2,"2,295.00","2,191.00",-104
11/22/2015,Accessories,3,130,135,5
11/22/2015,Accessories,2,11,13,2
11/22/2015,Bikes,3,"2,295.00","2,047.00",-248
11/22/2015,Bikes,3,"1,701.00","1,489.00",-212
11/22/2015,Clothing,1,"1,842.00","2,588.00",746
11/23/2015,Accessories,3,25,27,2
11/23/2015,Clothing,2,"1,026.00","1,216.00",190
11/23/2015,Accessories,3,840,875,35
11/23/2015,Accessories,2,630,698,68
11/23/2015,Accessories,2,240,260,20
11/23/2015,Accessories,2,64,76,12
11/23/2015,Bikes,3,"1,701.00","1,673.00",-28
11/23/2015,Clothing,3,"1,404.00","1,562.00",158
11/23/2015,Bikes,2,"2,295.00","2,068.00",-227
11/23/2015,Accessories,2,150,199,49
11/23/2015,Accessories,2,65,76,11
11/23/2015,Clothing,2,63,53,-10
11/23/2015,Bikes,1,"1,215.00","1,129.00",-86
11/23/2015,Accessories,1,675,783,108
11/23/2015,Bikes,2,"2,320.00","2,210.00",-110
11/23/2015,Clothing,2,252,267,15
11/23/2015,Accessories,3,110,129,19
11/23/2015,Accessories,3,"1,320.00","1,360.00",40
11/23/2015,Accessories,2,140,163,23
11/23/2015,Bikes,3,"1,701.00","1,473.00",-228
11/23/2015,Clothing,2,"1,566.00","1,876.00",310
11/23/2015,Accessories,3,87,102,15
11/24/2015,Accessories,2,625,682,57
11/24/2015,Accessories,2,135,158,23
11/24/2015,Accessories,2,64,72,8
11/24/2015,Bikes,1,"2,320.00","2,094.00",-226
11/24/2015,Accessories,3,525,605,80
11/24/2015,Accessories,2,"1,590.00","1,772.00",182
11/24/2015,Bikes,1,"2,295.00","2,220.00",-75
11/24/2015,Clothing,3,"1,566.00","1,451.00",-115
11/24/2015,Accessories,2,120,153,33
11/24/2015,Accessories,1,135,168,33
11/24/2015,Bikes,3,"2,295.00","2,552.00",257
11/24/2015,Accessories,1,600,618,18
11/24/2015,Accessories,3,64,69,5
11/24/2015,Bikes,1,"2,320.00","2,592.00",272
11/24/2015,Accessories,3,167,184,17
11/24/2015,Bikes,3,"2,295.00","2,182.00",-113
11/24/2015,Accessories,1,70,77,7
11/24/2015,Accessories,3,125,134,9
11/24/2015,Clothing,3,270,316,46
11/24/2015,Clothing,1,950,"1,049.00",99
11/24/2015,Accessories,2,350,467,117
11/24/2015,Accessories,2,25,23,-2
11/24/2015,Bikes,2,565,553,-12
11/24/2015,Bikes,1,"2,320.00","2,001.00",-319
11/24/2015,Clothing,1,486,522,36
11/24/2015,Accessories,3,140,180,40
11/24/2015,Accessories,1,95,111,16
11/24/2015,Accessories,3,72,82,10
11/24/2015,Bikes,3,769,905,136
11/24/2015,Clothing,3,650,778,128
11/24/2015,Clothing,2,99,133,34
11/24/2015,Bikes,3,"2,320.00","2,406.00",86
11/24/2015,Accessories,2,619,836,217
11/24/2015,Accessories,3,28,41,13
11/24/2015,Accessories,2,910,996,86
11/24/2015,Bikes,1,769,699,-70
11/24/2015,Accessories,2,30,31,1
11/24/2015,Accessories,2,477,520,43
11/24/2015,Clothing,2,54,55,1
11/24/2015,Bikes,2,"2,295.00","2,187.00",-108
11/24/2015,Accessories,2,326,263,-63
11/24/2015,Accessories,2,11,14,3
11/24/2015,Accessories,3,70,51,-19
11/24/2015,Accessories,1,130,122,-8
11/24/2015,Accessories,3,60,59,-1
11/24/2015,Bikes,2,"2,443.00","2,762.00",319
11/24/2015,Accessories,3,116,157,41
11/25/2015,Accessories,1,"1,430.00","1,493.00",63
11/25/2015,Accessories,2,4,4,0
11/25/2015,Accessories,1,62,69,7
11/25/2015,Bikes,2,540,537,-3
11/25/2015,Accessories,3,125,160,35
11/25/2015,Accessories,1,234,299,65
11/25/2015,Accessories,1,945,"1,323.00",378
11/25/2015,Bikes,1,"2,295.00","2,291.00",-4
11/25/2015,Accessories,1,96,128,32
11/25/2015,Accessories,1,225,308,83
11/25/2015,Accessories,3,980,"1,102.00",122
11/25/2015,Bikes,1,"2,295.00","2,196.00",-99
11/25/2015,Accessories,3,805,904,99
11/25/2015,Accessories,3,170,188,18
11/25/2015,Accessories,2,90,102,12
11/25/2015,Bikes,1,540,563,23
11/25/2015,Accessories,2,15,20,5
11/25/2015,Accessories,3,243,228,-15
11/25/2015,Bikes,2,"2,295.00","1,612.00",-683
11/25/2015,Accessories,2,125,170,45
11/25/2015,Accessories,2,"1,015.00","1,348.00",333
11/25/2015,Clothing,2,171,152,-19
11/26/2015,Clothing,3,"1,524.00","1,725.00",201
11/26/2015,Bikes,2,"2,384.00","2,235.00",-149
11/26/2015,Accessories,3,560,633,73
11/26/2015,Clothing,3,900,926,26
11/26/2015,Accessories,2,95,109,14
11/26/2015,Accessories,2,175,180,5
11/26/2015,Clothing,2,810,860,50
11/26/2015,Accessories,1,480,516,36
11/26/2015,Accessories,1,30,29,-1
11/26/2015,Accessories,3,95,103,8
11/26/2015,Accessories,1,140,142,2
11/26/2015,Bikes,1,"2,384.00","2,296.00",-88
11/26/2015,Clothing,3,400,440,40
11/26/2015,Bikes,1,"2,320.00","2,736.00",416
11/26/2015,Accessories,1,377,411,34
11/26/2015,Accessories,1,100,120,20
11/26/2015,Accessories,2,5,5,0
11/26/2015,Clothing,1,840,908,68
11/26/2015,Accessories,2,150,164,14
11/26/2015,Accessories,2,85,95,10
11/26/2015,Clothing,2,324,455,131
11/26/2015,Accessories,3,652,677,25
11/26/2015,Accessories,2,48,59,11
11/26/2015,Accessories,2,665,767,102
11/26/2015,Clothing,3,90,91,1
11/26/2015,Accessories,2,60,65,5
11/26/2015,Accessories,2,105,119,14
11/26/2015,Bikes,3,540,519,-21
11/26/2015,Accessories,1,685,968,283
11/26/2015,Accessories,1,100,82,-18
11/26/2015,Accessories,2,66,95,29
11/26/2015,Bikes,1,"2,295.00","2,132.00",-163
11/26/2015,Accessories,1,700,832,132
11/26/2015,Accessories,3,130,166,36
11/26/2015,Accessories,2,39,54,15
11/26/2015,Bikes,3,540,597,57
11/26/2015,Bikes,1,"2,320.00","2,153.00",-167
11/26/2015,Accessories,2,140,152,12
11/26/2015,Accessories,3,550,608,58
11/26/2015,Bikes,1,"2,384.00","2,984.00",600
11/26/2015,Clothing,3,252,269,17
11/26/2015,Accessories,3,"1,015.00","1,422.00",407
11/26/2015,Bikes,3,742,697,-45
11/26/2015,Accessories,3,27,22,-5
11/26/2015,Accessories,2,145,117,-28
11/26/2015,Accessories,1,630,720,90
11/26/2015,Accessories,1,667,936,269
11/26/2015,Accessories,2,10,8,-2
11/26/2015,Bikes,1,540,605,65
11/27/2015,Accessories,2,198,254,56
11/27/2015,Accessories,3,120,170,50
11/27/2015,Accessories,2,980,"1,037.00",57
11/27/2015,Accessories,2,55,54,-1
11/27/2015,Bikes,1,"2,320.00","2,287.00",-33
11/27/2015,Accessories,1,115,115,0
11/27/2015,Accessories,3,"1,050.00","1,176.00",126
11/27/2015,Accessories,1,315,355,40
11/27/2015,Bikes,3,"2,320.00","2,048.00",-272
11/27/2015,Bikes,1,"2,295.00","2,026.00",-269
11/27/2015,Clothing,2,126,145,19
11/27/2015,Bikes,2,"2,295.00","2,094.00",-201
11/27/2015,Accessories,2,20,22,2
11/27/2015,Accessories,1,675,830,155
11/27/2015,Accessories,1,150,165,15
11/27/2015,Bikes,3,"2,295.00","2,268.00",-27
11/27/2015,Accessories,1,15,18,3
11/27/2015,Accessories,1,665,765,100
11/27/2015,Accessories,1,64,62,-2
11/27/2015,Accessories,2,12,12,0
11/27/2015,Bikes,3,"2,443.00","2,315.00",-128
11/27/2015,Accessories,3,207,222,15
11/27/2015,Accessories,1,100,106,6
11/27/2015,Bikes,1,"2,443.00","2,508.00",65
11/27/2015,Bikes,2,540,592,52
11/27/2015,Accessories,3,350,464,114
11/27/2015,Clothing,3,243,279,36
11/27/2015,Accessories,1,609,679,70
11/27/2015,Accessories,1,60,60,0
11/27/2015,Accessories,3,50,50,0
11/27/2015,Bikes,1,"2,384.00","2,708.00",324
11/27/2015,Accessories,1,99,129,30
11/27/2015,Accessories,2,135,178,43
11/27/2015,Bikes,1,565,692,127
11/27/2015,Accessories,3,80,97,17
11/27/2015,Bikes,3,"2,384.00","2,602.00",218
11/27/2015,Clothing,3,144,196,52
11/27/2015,Accessories,3,980,"1,270.00",290
11/27/2015,Bikes,3,742,839,97
11/27/2015,Accessories,3,130,169,39
11/27/2015,Accessories,3,11,14,3
11/28/2015,Bikes,1,"2,384.00","2,192.00",-192
11/28/2015,Clothing,3,270,289,19
11/28/2015,Bikes,2,"2,320.00","2,123.00",-197
11/28/2015,Accessories,2,60,63,3
11/28/2015,Accessories,3,5,5,0
11/28/2015,Accessories,3,245,298,53
11/28/2015,Bikes,3,"2,320.00","1,884.00",-436
11/28/2015,Accessories,1,115,126,11
11/28/2015,Accessories,3,48,49,1
11/28/2015,Accessories,2,595,733,138
11/28/2015,Accessories,2,100,110,10
11/28/2015,Clothing,1,36,47,11
11/28/2015,Accessories,3,300,322,22
11/28/2015,Accessories,3,5,5,0
11/28/2015,Bikes,1,"1,701.00","1,538.00",-163
11/28/2015,Bikes,1,"2,295.00","1,885.00",-410
11/28/2015,Clothing,1,162,178,16
11/28/2015,Accessories,2,385,388,3
11/28/2015,Bikes,1,"1,120.00","1,102.00",-18
11/28/2015,Clothing,1,50,50,0
11/28/2015,Accessories,3,210,244,34
11/28/2015,Accessories,1,130,170,40
11/28/2015,Accessories,2,650,630,-20
11/28/2015,Accessories,2,550,587,37
11/28/2015,Accessories,2,32,39,7
11/28/2015,Bikes,2,"2,320.00","1,404.00",-916
11/28/2015,Accessories,2,"1,015.00","1,407.00",392
11/28/2015,Accessories,1,150,223,73
11/28/2015,Clothing,3,252,186,-66
11/28/2015,Accessories,1,"1,015.00","1,446.00",431
11/29/2015,Bikes,3,"2,320.00","2,320.00",0
11/29/2015,Accessories,3,119,127,8
11/29/2015,Bikes,2,540,411,-129
11/29/2015,Accessories,3,64,80,16
11/29/2015,Accessories,3,41,57,16
11/29/2015,Accessories,2,20,26,6
11/29/2015,Clothing,3,270,297,27
11/29/2015,Accessories,3,315,335,20
11/29/2015,Accessories,1,130,137,7
11/29/2015,Accessories,3,630,666,36
11/29/2015,Accessories,2,21,23,2
11/29/2015,Accessories,2,580,605,25
11/29/2015,Accessories,3,16,19,3
11/29/2015,Accessories,3,14,16,2
11/29/2015,Bikes,3,"2,295.00","1,962.00",-333
11/29/2015,Accessories,1,80,86,6
11/29/2015,Accessories,2,64,65,1
11/29/2015,Bikes,3,"1,701.00","1,962.00",261
11/29/2015,Bikes,1,"2,384.00","2,342.00",-42
11/29/2015,Accessories,2,115,133,18
11/29/2015,Accessories,2,72,79,7
11/29/2015,Bikes,1,540,488,-52
11/29/2015,Accessories,2,107,111,4
11/29/2015,Accessories,2,18,21,3
11/29/2015,Accessories,1,43,50,7
11/29/2015,Accessories,2,96,107,11
11/29/2015,Accessories,2,21,23,2
11/29/2015,Bikes,1,"1,701.00","1,412.00",-289
11/29/2015,Bikes,2,"2,443.00","2,724.00",281
11/29/2015,Accessories,2,163,225,62
11/29/2015,Bikes,3,540,467,-73
11/29/2015,Accessories,1,81,85,4
11/29/2015,Accessories,2,20,24,4
11/29/2015,Accessories,3,18,20,2
11/29/2015,Accessories,3,105,109,4
11/29/2015,Bikes,2,540,519,-21
11/29/2015,Accessories,1,910,"1,040.00",130
11/29/2015,Accessories,1,700,759,59
11/29/2015,Clothing,1,"1,250.00",997,-253
11/29/2015,Bikes,1,769,733,-36
11/29/2015,Accessories,3,300,241,-59
11/29/2015,Accessories,2,65,65,0
11/29/2015,Accessories,1,175,147,-28
11/29/2015,Accessories,3,675,674,-1
11/29/2015,Accessories,3,16,13,-3
11/30/2015,Accessories,3,130,121,-9
11/30/2015,Accessories,1,385,476,91
11/30/2015,Accessories,1,35,39,4
11/30/2015,Clothing,1,100,132,32
11/30/2015,Bikes,3,"2,295.00","2,292.00",-3
11/30/2015,Clothing,1,180,190,10
11/30/2015,Bikes,2,769,688,-81
11/30/2015,Accessories,1,112,121,9
11/30/2015,Accessories,1,685,724,39
11/30/2015,Clothing,2,"1,100.00","1,254.00",154
11/30/2015,Clothing,2,144,136,-8
11/30/2015,Accessories,2,110,129,19
11/30/2015,Accessories,2,100,110,10
11/30/2015,Bikes,2,769,735,-34
11/30/2015,Clothing,1,189,241,52
11/30/2015,Clothing,3,54,54,0
11/30/2015,Accessories,2,105,105,0
11/30/2015,Accessories,3,250,268,18
11/30/2015,Bikes,1,"1,701.00","1,605.00",-96
11/30/2015,Accessories,2,315,324,9
11/30/2015,Bikes,3,540,458,-82
11/30/2015,Accessories,2,375,298,-77
11/30/2015,Accessories,1,55,56,1
11/30/2015,Accessories,2,260,258,-2
11/30/2015,Accessories,3,65,58,-7
11/30/2015,Accessories,2,385,401,16
11/30/2015,Clothing,2,"1,000.00","1,265.00",265
11/30/2015,Bikes,2,565,589,24
11/30/2015,Clothing,2,50,34,-16
11/30/2015,Accessories,1,375,344,-31
11/30/2015,Accessories,1,135,118,-17
11/30/2015,Accessories,1,473,658,185
11/30/2015,Accessories,2,66,92,26
11/30/2015,Accessories,1,630,925,295
11/30/2015,Clothing,3,560,445,-115
12/1/2015,Bikes,2,"2,384.00","2,267.00",-117
12/1/2015,Bikes,1,"1,120.00","1,089.00",-31
12/1/2015,Accessories,2,805,"1,141.00",336
12/1/2015,Bikes,2,"2,320.00","2,226.00",-94
12/1/2015,Clothing,1,234,242,8
12/1/2015,Accessories,2,665,777,112
12/1/2015,Accessories,3,50,55,5
12/1/2015,Accessories,2,20,27,7
12/1/2015,Accessories,2,105,142,37
12/1/2015,Clothing,2,252,355,103
12/1/2015,Clothing,2,550,599,49
12/1/2015,Clothing,2,63,64,1
12/1/2015,Accessories,3,55,68,13
12/1/2015,Accessories,3,9,12,3
12/1/2015,Clothing,3,261,266,5
12/1/2015,Bikes,3,"2,320.00","2,048.00",-272
12/1/2015,Clothing,2,18,19,1
12/1/2015,Clothing,2,900,841,-59
12/1/2015,Bikes,3,769,682,-87
12/1/2015,Clothing,1,500,514,14
12/1/2015,Bikes,3,"2,295.00","1,544.00",-751
12/1/2015,Accessories,3,60,64,4
12/1/2015,Accessories,1,"1,100.00","1,621.00",521
12/1/2015,Bikes,3,565,551,-14
12/1/2015,Bikes,1,540,520,-20
12/1/2015,Bikes,3,"2,320.00","2,742.00",422
12/1/2015,Accessories,2,260,355,95
12/1/2015,Accessories,1,125,175,50
12/1/2015,Bikes,2,742,763,21
12/1/2015,Accessories,3,700,792,92
12/1/2015,Bikes,2,"2,384.00","2,406.00",22
12/1/2015,Bikes,2,"2,320.00","2,072.00",-248
12/1/2015,Accessories,2,330,280,-50
12/1/2015,Accessories,2,11,9,-2
12/1/2015,Accessories,3,75,102,27
12/2/2015,Accessories,3,15,17,2
12/2/2015,Accessories,1,"1,050.00","1,111.00",61
12/2/2015,Accessories,3,630,723,93
12/2/2015,Accessories,2,108,120,12
12/2/2015,Accessories,1,587,630,43
12/2/2015,Accessories,3,350,394,44
12/2/2015,Accessories,1,95,99,4
12/2/2015,Accessories,2,630,706,76
12/2/2015,Accessories,3,66,76,10
12/2/2015,Accessories,1,151,169,18
12/2/2015,Clothing,1,900,982,82
12/2/2015,Bikes,2,769,722,-47
12/2/2015,Accessories,2,630,730,100
12/2/2015,Accessories,2,300,313,13
12/2/2015,Accessories,3,90,109,19
12/2/2015,Accessories,3,261,281,20
12/2/2015,Accessories,1,120,141,21
12/2/2015,Clothing,1,"2,030.00","2,312.00",282
12/2/2015,Accessories,3,30,41,11
12/2/2015,Accessories,3,350,448,98
12/2/2015,Accessories,2,250,279,29
12/2/2015,Clothing,3,36,43,7
12/2/2015,Clothing,2,"1,350.00","1,513.00",163
12/2/2015,Accessories,2,80,113,33
12/2/2015,Accessories,2,175,217,42
12/2/2015,Clothing,3,135,171,36
12/2/2015,Bikes,2,"1,701.00","1,656.00",-45
12/2/2015,Accessories,1,770,878,108
12/2/2015,Clothing,2,50,57,7
12/2/2015,Bikes,1,"1,701.00","2,102.00",401
12/2/2015,Bikes,1,"2,320.00","2,696.00",376
12/2/2015,Accessories,2,175,186,11
12/2/2015,Bikes,1,540,510,-30
12/2/2015,Bikes,1,"2,320.00","2,246.00",-74
12/2/2015,Accessories,1,160,177,17
12/2/2015,Accessories,1,40,45,5
12/3/2015,Accessories,1,245,260,15
12/3/2015,Bikes,2,540,496,-44
12/3/2015,Accessories,3,420,511,91
12/3/2015,Accessories,2,5,5,0
12/3/2015,Accessories,1,240,265,25
12/3/2015,Accessories,2,64,74,10
12/3/2015,Accessories,1,840,888,48
12/3/2015,Clothing,2,"1,334.00","1,409.00",75
12/3/2015,Bikes,2,769,687,-82
12/3/2015,Accessories,2,50,54,4
12/3/2015,Accessories,1,80,81,1
12/3/2015,Bikes,3,565,670,105
12/3/2015,Accessories,2,203,222,19
12/3/2015,Bikes,3,"2,295.00","1,998.00",-297
12/3/2015,Accessories,1,145,178,33
12/3/2015,Accessories,3,250,267,17
12/3/2015,Clothing,3,"1,458.00","1,771.00",313
12/3/2015,Clothing,1,99,104,5
12/3/2015,Accessories,3,216,234,18
12/3/2015,Accessories,3,50,57,7
12/3/2015,Accessories,1,250,293,43
12/3/2015,Accessories,2,135,163,28
12/3/2015,Bikes,3,"2,320.00","2,576.00",256
12/3/2015,Accessories,2,70,86,16
12/3/2015,Accessories,2,10,12,2
12/3/2015,Accessories,2,145,157,12
12/3/2015,Clothing,2,"1,450.00","1,547.00",97
12/3/2015,Accessories,2,665,744,79
12/3/2015,Bikes,2,"2,320.00","2,305.00",-15
12/3/2015,Bikes,3,"2,295.00","2,137.00",-158
12/3/2015,Bikes,2,"2,295.00","2,454.00",159
12/3/2015,Accessories,3,230,278,48
12/3/2015,Accessories,3,105,129,24
12/3/2015,Bikes,3,"2,295.00","2,172.00",-123
12/3/2015,Clothing,2,840,846,6
12/3/2015,Accessories,3,560,729,169
12/3/2015,Clothing,1,"1,150.00","1,611.00",461
12/3/2015,Accessories,2,120,156,36
12/3/2015,Accessories,2,783,726,-57
12/3/2015,Accessories,2,85,84,-1
12/3/2015,Accessories,1,630,491,-139
12/3/2015,Clothing,3,54,61,7
12/3/2015,Accessories,2,180,194,14
12/3/2015,Accessories,3,90,101,11
12/4/2015,Bikes,1,"2,295.00","1,884.00",-411
12/4/2015,Accessories,1,20,21,1
12/4/2015,Accessories,3,840,850,10
12/4/2015,Bikes,2,540,487,-53
12/4/2015,Accessories,3,180,151,-29
12/4/2015,Clothing,1,171,272,101
12/4/2015,Clothing,3,144,210,66
12/4/2015,Clothing,1,54,50,-4
12/4/2015,Accessories,2,875,997,122
12/4/2015,Bikes,1,"2,320.00","2,835.00",515
12/4/2015,Accessories,3,560,710,150
12/4/2015,Accessories,1,805,"1,057.00",252
12/4/2015,Clothing,3,243,303,60
12/4/2015,Bikes,1,"1,215.00","1,270.00",55
12/4/2015,Bikes,2,"2,295.00","2,716.00",421
12/4/2015,Accessories,3,25,32,7
12/4/2015,Accessories,3,50,67,17
12/4/2015,Accessories,2,665,811,146
12/4/2015,Bikes,3,769,867,98
12/4/2015,Clothing,2,600,740,140
12/4/2015,Bikes,2,769,818,49
12/4/2015,Accessories,3,143,202,59
12/4/2015,Bikes,1,"2,320.00","2,182.00",-138
12/4/2015,Accessories,1,140,162,22
12/4/2015,Bikes,3,540,625,85
12/4/2015,Accessories,2,250,335,85
12/4/2015,Accessories,1,85,111,26
12/4/2015,Accessories,3,280,371,91
12/4/2015,Bikes,2,"2,443.00","2,400.00",-43
12/4/2015,Accessories,3,150,149,-1
12/4/2015,Accessories,1,144,144,0
12/4/2015,Accessories,1,127,146,19
12/4/2015,Accessories,2,"1,595.00","1,820.00",225
12/4/2015,Accessories,1,56,63,7
12/5/2015,Bikes,1,742,658,-84
12/5/2015,Bikes,3,"2,320.00","2,219.00",-101
12/5/2015,Bikes,3,"2,295.00","2,045.00",-250
12/5/2015,Bikes,2,"2,295.00","2,399.00",104
12/5/2015,Accessories,3,"1,272.00","1,353.00",81
12/5/2015,Clothing,1,600,645,45
12/5/2015,Accessories,2,"1,050.00","1,224.00",174
12/5/2015,Bikes,1,"2,295.00","2,159.00",-136
12/5/2015,Accessories,2,16,19,3
12/5/2015,Accessories,3,14,16,2
12/5/2015,Accessories,2,18,20,2
12/5/2015,Accessories,2,30,33,3
12/5/2015,Accessories,2,735,742,7
12/5/2015,Accessories,2,560,565,5
12/5/2015,Bikes,2,769,700,-69
12/5/2015,Accessories,3,735,798,63
12/5/2015,Clothing,3,126,151,25
12/5/2015,Bikes,1,769,858,89
12/5/2015,Clothing,3,"1,300.00","1,576.00",276
12/5/2015,Accessories,1,100,108,8
12/5/2015,Accessories,1,15,15,0
12/5/2015,Accessories,1,245,283,38
12/5/2015,Bikes,3,"2,320.00","2,243.00",-77
12/5/2015,Clothing,1,117,130,13
12/5/2015,Bikes,3,769,719,-50
12/5/2015,Clothing,1,"1,680.00","1,833.00",153
12/5/2015,Accessories,2,105,151,46
12/5/2015,Accessories,1,140,129,-11
12/5/2015,Accessories,1,875,"1,093.00",218
12/5/2015,Bikes,3,742,768,26
12/5/2015,Accessories,3,245,293,48
12/5/2015,Bikes,2,"2,384.00","2,403.00",19
12/6/2015,Accessories,1,420,458,38
12/6/2015,Accessories,2,150,153,3
12/6/2015,Accessories,3,70,71,1
12/6/2015,Bikes,3,"2,384.00","2,168.00",-216
12/6/2015,Accessories,1,135,163,28
12/6/2015,Accessories,2,675,726,51
12/6/2015,Accessories,2,451,437,-14
12/6/2015,Accessories,1,39,44,5
12/6/2015,Accessories,3,25,26,1
12/6/2015,Accessories,2,150,184,34
12/6/2015,Accessories,1,37,40,3
12/6/2015,Accessories,3,40,45,5
12/6/2015,Accessories,2,609,696,87
12/6/2015,Accessories,2,735,868,133
12/6/2015,Bikes,3,540,542,2
12/6/2015,Accessories,2,945,"1,323.00",378
12/6/2015,Bikes,2,"2,320.00","2,117.00",-203
12/6/2015,Accessories,1,245,283,38
12/6/2015,Accessories,1,64,72,8
12/6/2015,Clothing,2,216,206,-10
12/6/2015,Bikes,2,"2,295.00","2,094.00",-201
12/6/2015,Accessories,2,30,36,6
12/6/2015,Accessories,3,120,138,18
12/6/2015,Accessories,1,560,776,216
12/6/2015,Accessories,2,216,251,35
12/6/2015,Accessories,1,105,112,7
12/6/2015,Bikes,1,"2,384.00","2,358.00",-26
12/6/2015,Accessories,2,"1,595.00","1,818.00",223
12/6/2015,Accessories,3,90,95,5
12/6/2015,Accessories,3,130,135,5
12/6/2015,Accessories,3,50,56,6
12/7/2015,Accessories,3,595,651,56
12/7/2015,Accessories,2,135,157,22
12/7/2015,Clothing,1,216,245,29
12/7/2015,Accessories,2,522,539,17
12/7/2015,Accessories,1,25,29,4
12/7/2015,Accessories,2,150,165,15
12/7/2015,Accessories,1,420,497,77
12/7/2015,Bikes,3,769,784,15
12/7/2015,Clothing,1,300,230,-70
12/7/2015,Bikes,1,769,764,-5
12/7/2015,Accessories,2,100,120,20
12/7/2015,Bikes,2,"2,295.00","2,785.00",490
12/7/2015,Clothing,3,"1,150.00","1,356.00",206
12/7/2015,Accessories,1,8,9,1
12/7/2015,Accessories,3,550,562,12
12/7/2015,Accessories,2,11,11,0
12/7/2015,Clothing,2,500,641,141
12/7/2015,Accessories,3,183,192,9
12/7/2015,Accessories,2,35,41,6
12/7/2015,Bikes,3,"2,320.00","2,450.00",130
12/7/2015,Accessories,2,"1,015.00","1,123.00",108
12/7/2015,Accessories,2,18,18,0
12/7/2015,Clothing,2,162,183,21
12/7/2015,Clothing,2,70,86,16
12/7/2015,Clothing,2,750,762,12
12/7/2015,Accessories,1,795,786,-9
12/7/2015,Accessories,3,15,15,0
12/7/2015,Accessories,2,840,"1,042.00",202
12/7/2015,Accessories,2,105,143,38
12/7/2015,Accessories,3,315,335,20
12/7/2015,Clothing,1,18,18,0
12/7/2015,Accessories,2,875,976,101
12/7/2015,Bikes,3,540,496,-44
12/7/2015,Accessories,1,144,153,9
12/7/2015,Accessories,2,95,112,17
12/8/2015,Bikes,2,"2,320.00","2,414.00",94
12/8/2015,Clothing,1,"1,200.00","1,204.00",4
12/8/2015,Accessories,3,150,163,13
12/8/2015,Accessories,1,5,5,0
12/8/2015,Accessories,2,245,266,21
12/8/2015,Accessories,1,900,930,30
12/8/2015,Accessories,2,151,150,-1
12/8/2015,Accessories,3,170,194,24
12/8/2015,Accessories,1,15,16,1
12/8/2015,Accessories,3,140,139,-1
12/8/2015,Clothing,3,400,410,10
12/8/2015,,1,145,170,25
12/8/2015,Accessories,3,630,669,39
12/8/2015,Clothing,2,27,33,6
12/8/2015,Bikes,2,"2,320.00","2,104.00",-216
12/8/2015,Accessories,3,735,982,247
12/8/2015,Bikes,1,742,719,-23
12/8/2015,Accessories,1,159,176,17
12/8/2015,Accessories,3,494,554,60
12/8/2015,Accessories,2,14,15,1
12/8/2015,Bikes,1,"1,701.00","1,804.00",103
12/8/2015,Accessories,3,660,736,76
12/8/2015,Clothing,2,750,950,200
12/8/2015,Clothing,2,99,109,10
12/8/2015,Bikes,1,565,507,-58
12/8/2015,Accessories,2,665,763,98
12/8/2015,Accessories,2,140,170,30
12/8/2015,Accessories,3,609,700,91
12/8/2015,Accessories,1,40,44,4
12/8/2015,Clothing,3,378,440,62
12/8/2015,Accessories,2,210,253,43
12/8/2015,Bikes,2,"2,320.00","1,884.00",-436
12/8/2015,Bikes,3,"2,295.00","2,332.00",37
12/8/2015,Bikes,1,742,639,-103
12/8/2015,Bikes,2,"2,295.00","2,382.00",87
12/9/2015,Accessories,2,638,759,121
12/9/2015,Accessories,3,25,21,-4
12/9/2015,Accessories,3,945,"1,338.00",393
12/9/2015,Accessories,2,215,313,98
12/9/2015,Bikes,1,540,477,-63
12/9/2015,Accessories,3,125,167,42
12/9/2015,Accessories,3,160,208,48
12/9/2015,Bikes,2,"2,295.00","2,182.00",-113
12/9/2015,Accessories,1,700,705,5
12/9/2015,Accessories,3,50,51,1
12/9/2015,Accessories,1,300,324,24
12/9/2015,Bikes,3,540,531,-9
12/9/2015,Accessories,2,135,163,28
12/9/2015,Accessories,3,20,22,2
12/9/2015,Clothing,3,162,184,22
12/9/2015,Clothing,1,99,111,12
12/9/2015,Bikes,1,769,747,-22
12/9/2015,Accessories,2,400,407,7
12/9/2015,Bikes,3,"2,295.00","2,613.00",318
12/9/2015,Bikes,1,540,617,77
12/10/2015,Accessories,3,24,24,0
12/10/2015,Accessories,1,780,"1,037.00",257
12/10/2015,Accessories,3,80,110,30
12/10/2015,Accessories,2,95,138,43
12/10/2015,Accessories,1,140,186,46
12/10/2015,Bikes,1,"1,215.00","1,237.00",22
12/10/2015,Clothing,3,630,673,43
12/10/2015,Accessories,1,880,"1,074.00",194
12/10/2015,Clothing,3,770,822,52
12/10/2015,Clothing,3,800,999,199
12/10/2015,Bikes,1,769,768,-1
12/10/2015,Accessories,3,14,15,1
12/11/2015,Bikes,3,540,502,-38
12/11/2015,Accessories,1,630,669,39
12/11/2015,Accessories,2,280,292,12
12/11/2015,Accessories,3,140,160,20
12/11/2015,Accessories,2,145,153,8
12/11/2015,Accessories,3,420,454,34
12/11/2015,Accessories,2,35,38,3
12/11/2015,Accessories,3,420,467,47
12/11/2015,Accessories,2,"1,015.00","1,093.00",78
12/11/2015,Accessories,3,65,67,2
12/11/2015,Accessories,1,875,967,92
12/11/2015,Bikes,2,"2,320.00","2,213.00",-107
12/11/2015,Accessories,2,135,152,17
12/11/2015,Bikes,3,"2,295.00","2,358.00",63
12/11/2015,Accessories,1,980,"1,177.00",197
12/11/2015,Bikes,2,769,757,-12
12/11/2015,Accessories,3,20,22,2
12/11/2015,Bikes,1,742,706,-36
12/11/2015,Bikes,3,"2,384.00","2,447.00",63
12/11/2015,Accessories,1,36,36,0
12/11/2015,Accessories,2,40,44,4
12/11/2015,Bikes,3,"2,295.00","2,082.00",-213
12/11/2015,Accessories,1,35,36,1
12/11/2015,Clothing,1,826,828,2
12/11/2015,Accessories,2,45,53,8
12/11/2015,Bikes,2,"2,443.00","2,530.00",87
12/11/2015,Accessories,1,805,823,18
12/11/2015,Clothing,1,54,56,2
12/11/2015,Accessories,2,64,75,11
12/11/2015,Clothing,1,"1,016.00","1,065.00",49
12/11/2015,Bikes,1,"2,295.00","2,030.00",-265
12/11/2015,Accessories,2,34,38,4
12/11/2015,Clothing,2,"1,260.00","1,292.00",32
12/11/2015,Clothing,2,90,117,27
12/11/2015,Clothing,1,"1,450.00","1,729.00",279
12/12/2015,Accessories,3,945,"1,028.00",83
12/12/2015,Accessories,1,261,371,110
12/12/2015,Accessories,2,115,137,22
12/12/2015,Accessories,1,14,12,-2
12/12/2015,Clothing,3,234,268,34
12/12/2015,Accessories,1,595,674,79
12/12/2015,Bikes,3,"2,320.00","2,113.00",-207
12/12/2015,Clothing,2,"1,450.00","1,711.00",261
12/12/2015,Bikes,2,"2,295.00","2,716.00",421
12/12/2015,Accessories,2,120,153,33
12/12/2015,Bikes,1,"2,295.00","2,694.00",399
12/12/2015,Accessories,3,980,"1,285.00",305
12/12/2015,Accessories,3,60,84,24
12/12/2015,Accessories,1,652,821,169
12/12/2015,Accessories,3,140,204,64
12/12/2015,Clothing,3,450,574,124
12/12/2015,Bikes,2,"2,320.00","2,070.00",-250
12/12/2015,Accessories,3,30,33,3
12/12/2015,Accessories,1,55,57,2
12/12/2015,Accessories,2,840,906,66
12/12/2015,Bikes,3,"2,295.00","2,353.00",58
12/12/2015,Accessories,1,15,17,2
12/12/2015,Accessories,2,10,11,1
12/12/2015,Accessories,1,105,119,14
12/12/2015,Bikes,2,540,605,65
12/12/2015,Bikes,1,"2,320.00","2,022.00",-298
12/12/2015,Accessories,1,40,50,10
12/12/2015,Accessories,2,140,148,8
12/12/2015,Bikes,3,"2,320.00","2,460.00",140
12/12/2015,Accessories,2,130,179,49
12/12/2015,Accessories,2,140,194,54
12/12/2015,Accessories,2,840,"1,156.00",316
12/12/2015,Clothing,1,72,94,22
12/12/2015,Bikes,1,"2,320.00","2,933.00",613
12/12/2015,Bikes,2,"2,320.00","2,302.00",-18
12/12/2015,Bikes,3,"2,320.00","2,005.00",-315
12/12/2015,Accessories,3,10,11,1
12/12/2015,Bikes,3,"2,320.00","1,898.00",-422
12/12/2015,Bikes,1,"1,120.00",929,-191
12/12/2015,Clothing,3,572,689,117
12/13/2015,Accessories,3,35,37,2
12/13/2015,Accessories,3,35,45,10
12/13/2015,Accessories,1,80,100,20
12/13/2015,Accessories,2,780,"1,093.00",313
12/13/2015,Accessories,1,150,192,42
12/13/2015,Accessories,3,450,601,151
12/13/2015,Accessories,1,420,552,132
12/13/2015,Accessories,3,560,614,54
12/13/2015,Accessories,3,"1,100.00","1,289.00",189
12/13/2015,Bikes,2,"2,320.00","2,206.00",-114
12/13/2015,Accessories,2,5,6,1
12/13/2015,Accessories,1,735,836,101
12/13/2015,Accessories,2,57,61,4
12/13/2015,Accessories,1,119,131,12
12/13/2015,Clothing,1,18,17,-1
12/13/2015,Accessories,2,167,190,23
12/13/2015,Accessories,2,490,586,96
12/13/2015,Bikes,1,"2,320.00","2,022.00",-298
12/13/2015,Accessories,2,225,258,33
12/13/2015,Accessories,1,108,132,24
12/13/2015,Accessories,1,100,101,1
12/13/2015,Bikes,3,"2,320.00","2,279.00",-41
12/13/2015,Accessories,3,490,489,-1
12/13/2015,Bikes,1,"2,320.00","2,685.00",365
12/13/2015,Accessories,3,65,85,20
12/13/2015,Accessories,1,140,198,58
12/13/2015,Bikes,2,769,725,-44
12/13/2015,Bikes,2,"2,295.00","2,323.00",28
12/13/2015,Accessories,2,420,497,77
12/13/2015,Accessories,2,125,134,9
12/13/2015,Bikes,1,"1,701.00","1,708.00",7
12/13/2015,Accessories,3,840,"1,005.00",165
12/13/2015,Accessories,3,70,74,4
12/13/2015,Accessories,1,525,610,85
12/13/2015,Accessories,1,735,"1,051.00",316
12/13/2015,Bikes,1,"2,384.00","2,740.00",356
12/13/2015,Clothing,1,252,332,80
12/14/2015,Bikes,2,"2,320.00","2,031.00",-289
12/14/2015,Accessories,2,60,78,18
12/14/2015,Accessories,2,60,75,15
12/14/2015,Accessories,1,245,261,16
12/14/2015,Clothing,3,216,192,-24
12/14/2015,Bikes,3,"2,320.00","2,183.00",-137
12/14/2015,Bikes,1,"2,295.00","2,028.00",-267
12/14/2015,Accessories,1,70,82,12
12/14/2015,Accessories,3,15,18,3
12/14/2015,Clothing,3,550,752,202
12/14/2015,Bikes,3,"2,320.00","2,263.00",-57
12/14/2015,Accessories,1,90,121,31
12/14/2015,Accessories,1,95,121,26
12/14/2015,Accessories,3,560,582,22
12/14/2015,Accessories,2,720,789,69
12/14/2015,Bikes,2,"2,320.00","2,654.00",334
12/14/2015,Accessories,1,100,133,33
12/14/2015,Accessories,2,115,151,36
12/14/2015,Clothing,2,234,329,95
12/14/2015,Accessories,2,125,127,2
12/14/2015,Accessories,2,62,68,6
12/14/2015,Clothing,1,127,121,-6
12/14/2015,Accessories,1,30,34,4
12/15/2015,Accessories,2,560,538,-22
12/15/2015,Accessories,3,"1,015.00","1,121.00",106
12/15/2015,Accessories,2,75,72,-3
12/15/2015,Accessories,1,270,268,-2
12/15/2015,Accessories,3,110,113,3
12/15/2015,Accessories,1,69,85,16
12/15/2015,Clothing,1,144,147,3
12/15/2015,Clothing,2,864,906,42
12/15/2015,Accessories,1,200,229,29
12/15/2015,Accessories,3,62,65,3
12/15/2015,Bikes,2,"2,295.00","2,175.00",-120
12/15/2015,Bikes,1,"2,320.00","2,027.00",-293
12/15/2015,Bikes,1,"1,701.00","1,630.00",-71
12/15/2015,Accessories,3,175,195,20
12/15/2015,Accessories,2,135,145,10
12/15/2015,Bikes,2,"2,295.00","2,017.00",-278
12/15/2015,Accessories,1,400,446,46
12/15/2015,Accessories,1,53,60,7
12/15/2015,Accessories,2,21,24,3
12/15/2015,Accessories,3,68,76,8
12/15/2015,Accessories,1,66,72,6
12/15/2015,Accessories,3,435,478,43
12/15/2015,Accessories,2,15,17,2
12/15/2015,Accessories,1,41,46,5
12/15/2015,Accessories,3,103,125,22
12/15/2015,Accessories,3,150,220,70
12/15/2015,Accessories,1,50,66,16
12/15/2015,Clothing,1,"1,026.00","1,129.00",103
12/15/2015,Accessories,1,72,95,23
12/15/2015,Bikes,3,"2,320.00","2,685.00",365
12/15/2015,Accessories,1,180,238,58
12/15/2015,Accessories,1,15,22,7
12/15/2015,Bikes,3,"2,320.00","2,214.00",-106
12/15/2015,Accessories,1,23,24,1
12/15/2015,Bikes,2,"2,295.00","2,524.00",229
12/15/2015,Bikes,2,"2,295.00","2,078.00",-217
12/15/2015,Accessories,2,455,491,36
12/15/2015,Accessories,1,630,682,52
12/15/2015,Accessories,1,140,203,63
12/15/2015,Accessories,1,69,94,25
12/15/2015,Bikes,3,540,534,-6
12/15/2015,Clothing,1,"1,143.00","1,413.00",270
12/15/2015,Clothing,2,630,904,274
12/15/2015,Clothing,3,350,411,61
12/15/2015,Accessories,1,880,952,72
12/15/2015,Bikes,3,"2,320.00","2,170.00",-150
12/15/2015,Accessories,1,90,90,0
12/15/2015,Accessories,1,50,55,5
12/16/2015,Accessories,2,587,641,54
12/16/2015,Accessories,2,4,4,0
12/16/2015,Accessories,1,420,472,52
12/16/2015,Accessories,2,110,111,1
12/16/2015,Bikes,2,"2,295.00","2,524.00",229
12/16/2015,Accessories,3,175,239,64
12/16/2015,Accessories,1,85,91,6
12/16/2015,Accessories,3,"1,050.00","1,147.00",97
12/16/2015,Bikes,2,"1,701.00","1,586.00",-115
12/16/2015,Bikes,1,"2,295.00","2,575.00",280
12/16/2015,Accessories,2,245,323,78
12/16/2015,Accessories,2,150,201,51
12/16/2015,Clothing,2,381,491,110
12/16/2015,Accessories,1,575,667,92
12/16/2015,Accessories,1,96,105,9
12/16/2015,Accessories,3,27,30,3
12/16/2015,Bikes,3,"1,120.00","1,053.00",-67
12/16/2015,Bikes,1,"1,215.00","1,141.00",-74
12/17/2015,Accessories,2,605,675,70
12/17/2015,Accessories,3,4,4,0
12/17/2015,Accessories,1,652,717,65
12/17/2015,Accessories,3,60,67,7
12/17/2015,Bikes,1,"1,120.00","1,032.00",-88
12/17/2015,Accessories,3,16,19,3
12/17/2015,Accessories,3,425,469,44
12/17/2015,Accessories,2,46,54,8
12/17/2015,Clothing,1,350,347,-3
12/17/2015,Bikes,2,769,672,-97
12/17/2015,Clothing,1,180,184,4
12/17/2015,Bikes,1,769,780,11
12/17/2015,Bikes,1,565,507,-58
12/17/2015,Bikes,2,"2,295.00","2,261.00",-34
12/17/2015,Bikes,1,"1,701.00","1,524.00",-177
12/17/2015,Accessories,3,234,273,39
12/17/2015,Accessories,2,90,100,10
12/17/2015,Bikes,2,"1,120.00","1,089.00",-31
12/17/2015,Clothing,3,"1,470.00","1,637.00",167
12/17/2015,Bikes,1,"2,295.00","1,569.00",-726
12/17/2015,Accessories,1,5,7,2
12/17/2015,Accessories,3,20,23,3
12/17/2015,Clothing,1,756,589,-167
12/18/2015,Accessories,2,360,416,56
12/18/2015,Accessories,3,125,137,12
12/18/2015,Accessories,1,100,112,12
12/18/2015,Accessories,3,770,885,115
12/18/2015,Accessories,3,23,24,1
12/18/2015,Bikes,2,"2,384.00","2,089.00",-295
12/18/2015,Accessories,2,9,10,1
12/18/2015,Clothing,1,810,910,100
12/18/2015,Accessories,3,260,277,17
12/18/2015,Accessories,2,50,59,9
12/18/2015,Bikes,1,769,700,-69
12/18/2015,Bikes,1,"2,320.00","2,273.00",-47
12/18/2015,Bikes,3,"2,443.00","2,373.00",-70
12/18/2015,Clothing,3,126,124,-2
12/18/2015,Accessories,3,207,221,14
12/18/2015,Accessories,3,30,32,2
12/18/2015,Clothing,2,900,"1,036.00",136
12/18/2015,Bikes,1,"2,384.00","1,840.00",-544
12/18/2015,Accessories,2,735,972,237
12/18/2015,Accessories,3,140,151,11
12/18/2015,Bikes,1,"2,320.00","2,107.00",-213
12/18/2015,Accessories,1,150,115,-35
12/18/2015,Accessories,3,55,46,-9
12/18/2015,Accessories,3,100,113,13
12/18/2015,Bikes,2,"2,320.00","2,174.00",-146
12/18/2015,Accessories,3,245,296,51
12/18/2015,Accessories,3,15,16,1
12/18/2015,Accessories,1,350,374,24
12/18/2015,Accessories,2,805,929,124
12/18/2015,Bikes,3,769,753,-16
12/18/2015,Accessories,1,70,80,10
12/18/2015,Clothing,2,99,114,15
12/18/2015,Accessories,3,490,509,19
12/18/2015,Bikes,1,"2,384.00","2,289.00",-95
12/18/2015,Accessories,3,525,615,90
12/18/2015,Clothing,3,9,9,0
12/18/2015,Clothing,1,243,236,-7
12/18/2015,Bikes,1,"2,295.00","2,931.00",636
12/18/2015,Accessories,2,35,51,16
12/18/2015,Accessories,1,665,841,176
12/18/2015,Clothing,1,207,240,33
12/18/2015,Bikes,2,540,529,-11
12/18/2015,Clothing,2,"1,905.00","2,053.00",148
12/18/2015,Clothing,1,162,160,-2
12/18/2015,Accessories,1,15,17,2
12/18/2015,Accessories,1,90,101,11
12/18/2015,Accessories,3,5,6,1
12/18/2015,Accessories,3,"1,015.00","1,175.00",160
12/18/2015,Bikes,2,"2,320.00","2,451.00",131
12/19/2015,Accessories,3,193,216,23
12/19/2015,Clothing,3,400,405,5
12/19/2015,Accessories,1,16,19,3
12/19/2015,Accessories,2,"1,431.00","1,475.00",44
12/19/2015,Clothing,2,117,136,19
12/19/2015,Accessories,2,665,730,65
12/19/2015,Clothing,2,9,10,1
12/19/2015,Accessories,3,95,100,5
12/19/2015,Accessories,3,840,841,1
12/19/2015,Clothing,3,864,"1,007.00",143
12/19/2015,Bikes,1,"2,320.00","2,180.00",-140
12/19/2015,Bikes,3,"2,295.00","2,156.00",-139
12/19/2015,Bikes,2,"2,320.00","2,380.00",60
12/19/2015,Accessories,1,45,50,5
12/19/2015,Accessories,3,130,129,-1
12/19/2015,Accessories,3,595,664,69
12/19/2015,Clothing,1,126,124,-2
12/19/2015,Bikes,3,"1,701.00","1,367.00",-334
12/19/2015,Bikes,3,"2,295.00","2,326.00",31
12/19/2015,Accessories,1,290,325,35
12/19/2015,Accessories,2,770,800,30
12/19/2015,Bikes,2,"2,320.00","2,993.00",673
12/19/2015,Clothing,2,81,112,31
12/19/2015,Accessories,1,140,187,47
12/19/2015,Bikes,3,"2,295.00","2,098.00",-197
12/19/2015,Accessories,2,350,420,70
12/19/2015,Bikes,3,540,630,90
12/19/2015,Bikes,2,"2,320.00","2,051.00",-269
12/19/2015,Accessories,3,70,83,13
12/19/2015,Accessories,3,350,351,1
12/19/2015,Bikes,3,"2,320.00","1,964.00",-356
12/20/2015,Accessories,2,551,606,55
12/20/2015,Accessories,1,120,120,0
12/20/2015,Accessories,1,630,624,-6
12/20/2015,Bikes,2,540,513,-27
12/20/2015,Accessories,2,500,530,30
12/20/2015,Accessories,1,41,45,4
12/20/2015,Bikes,2,"2,295.00","2,307.00",12
12/20/2015,Accessories,3,580,728,148
12/20/2015,Accessories,1,7,7,0
12/20/2015,Bikes,1,"2,384.00","2,192.00",-192
12/20/2015,Bikes,2,"2,295.00","1,882.00",-413
12/20/2015,Accessories,1,"1,050.00","1,270.00",220
12/20/2015,Accessories,1,37,40,3
12/20/2015,Accessories,3,805,789,-16
12/20/2015,Accessories,1,105,128,23
12/20/2015,Accessories,1,40,46,6
12/20/2015,Clothing,2,"1,715.00","1,903.00",188
12/20/2015,Accessories,2,840,959,119
12/20/2015,Accessories,2,115,128,13
12/20/2015,Accessories,2,41,46,5
12/20/2015,Accessories,3,245,283,38
12/20/2015,Accessories,1,9,10,1
12/20/2015,Bikes,1,540,336,-204
12/20/2015,Accessories,2,30,36,6
12/20/2015,Accessories,1,54,79,25
12/21/2015,Bikes,1,"2,295.00","2,303.00",8
12/21/2015,Clothing,1,150,159,9
12/21/2015,Accessories,2,92,101,9
12/21/2015,Accessories,3,196,221,25
12/21/2015,Accessories,3,105,119,14
12/21/2015,Accessories,1,280,316,36
12/21/2015,Accessories,1,605,730,125
12/21/2015,Clothing,3,381,377,-4
12/21/2015,Clothing,2,900,"1,135.00",235
12/21/2015,Bikes,3,"2,320.00","2,147.00",-173
12/21/2015,Clothing,3,216,232,16
12/21/2015,Bikes,3,540,533,-7
12/21/2015,Accessories,1,245,253,8
12/21/2015,Bikes,3,"2,384.00","1,721.00",-663
12/21/2015,Accessories,3,95,78,-17
12/21/2015,Accessories,1,252,212,-40
12/21/2015,Clothing,2,350,528,178
12/21/2015,Bikes,3,"2,320.00","2,161.00",-159
12/21/2015,Accessories,1,30,33,3
12/21/2015,Accessories,2,90,92,2
12/21/2015,Accessories,1,"1,015.00","1,069.00",54
12/21/2015,Bikes,1,"2,295.00","2,158.00",-137
12/21/2015,Bikes,2,769,739,-30
12/21/2015,Accessories,2,385,457,72
12/21/2015,Accessories,1,220,255,35
12/21/2015,Bikes,3,"2,320.00","2,348.00",28
12/21/2015,Bikes,2,"2,320.00","2,167.00",-153
12/21/2015,Accessories,1,559,636,77
12/21/2015,Accessories,3,20,21,1
12/21/2015,Accessories,1,41,45,4
12/21/2015,Accessories,1,30,38,8
12/21/2015,Accessories,2,90,126,36
12/21/2015,Clothing,1,90,95,5
12/22/2015,Accessories,2,326,343,17
12/22/2015,Accessories,1,15,12,-3
12/22/2015,Accessories,3,"1,015.00","1,284.00",269
12/22/2015,Bikes,1,"2,295.00","2,295.00",0
12/22/2015,Accessories,1,945,"1,102.00",157
12/22/2015,Accessories,2,400,427,27
12/22/2015,Bikes,2,"2,295.00","2,582.00",287
12/22/2015,Accessories,1,300,354,54
12/22/2015,Accessories,3,150,224,74
12/22/2015,Clothing,2,216,283,67
12/22/2015,Bikes,2,"2,384.00","1,654.00",-730
12/22/2015,Bikes,3,"2,295.00","2,616.00",321
12/22/2015,Bikes,1,"2,320.00","1,988.00",-332
12/22/2015,Bikes,3,"1,120.00","1,069.00",-51
12/22/2015,Bikes,1,565,614,49
12/22/2015,Accessories,2,143,181,38
12/22/2015,Bikes,3,540,528,-12
12/23/2015,Accessories,2,245,295,50
12/23/2015,Accessories,1,210,234,24
12/23/2015,Accessories,1,90,96,6
12/23/2015,Clothing,3,572,628,56
12/23/2015,Accessories,2,595,673,78
12/23/2015,Clothing,3,9,11,2
12/23/2015,Clothing,2,"1,350.00","1,468.00",118
12/23/2015,Accessories,3,875,957,82
12/23/2015,Bikes,1,"2,384.00","2,146.00",-238
12/23/2015,Accessories,3,700,805,105
12/23/2015,Clothing,2,270,308,38
12/23/2015,Clothing,3,252,269,17
12/23/2015,Accessories,1,322,413,91
12/23/2015,Accessories,1,32,43,11
12/23/2015,Bikes,1,"1,701.00","1,549.00",-152
12/23/2015,Bikes,3,769,816,47
12/23/2015,Clothing,2,"1,960.00","2,164.00",204
12/23/2015,Clothing,3,100,103,3
12/23/2015,Bikes,2,"2,295.00","1,883.00",-412
12/23/2015,Bikes,3,769,699,-70
12/23/2015,Accessories,2,111,123,12
12/23/2015,Accessories,3,250,315,65
12/23/2015,Accessories,3,55,71,16
12/23/2015,Accessories,2,130,150,20
12/23/2015,Accessories,3,171,186,15
12/23/2015,Accessories,2,45,48,3
12/23/2015,Accessories,2,45,54,9
12/23/2015,Bikes,1,540,481,-59
12/24/2015,Clothing,3,972,"1,064.00",92
12/24/2015,Accessories,2,120,134,14
12/24/2015,Accessories,1,630,856,226
12/24/2015,Accessories,3,290,411,121
12/24/2015,Accessories,2,135,161,26
12/24/2015,Accessories,1,70,95,25
12/24/2015,Bikes,1,540,498,-42
12/24/2015,Bikes,3,"2,295.00","2,226.00",-69
12/24/2015,Accessories,1,240,255,15
12/24/2015,Accessories,2,15,16,1
12/24/2015,Bikes,3,"2,295.00","2,125.00",-170
12/24/2015,Bikes,2,"2,295.00","2,157.00",-138
12/24/2015,Accessories,1,595,593,-2
12/24/2015,Accessories,3,"1,265.00","1,659.00",394
12/24/2015,Accessories,3,105,139,34
12/24/2015,Accessories,1,45,58,13
12/24/2015,Accessories,3,220,244,24
12/24/2015,Accessories,1,100,121,21
12/24/2015,Accessories,3,945,"1,108.00",163
12/24/2015,Accessories,3,150,217,67
12/24/2015,Accessories,3,60,70,10
12/24/2015,Accessories,3,50,60,10
12/25/2015,Accessories,2,65,72,7
12/25/2015,Accessories,3,"1,015.00","1,168.00",153
12/25/2015,Accessories,3,32,33,1
12/25/2015,Bikes,1,"2,320.00","2,095.00",-225
12/25/2015,Clothing,3,"1,458.00","2,022.00",564
12/25/2015,Clothing,3,54,55,1
12/25/2015,Accessories,2,360,371,11
12/25/2015,Accessories,2,64,65,1
12/25/2015,Clothing,2,702,714,12
12/25/2015,Accessories,1,41,47,6
12/25/2015,Bikes,1,769,734,-35
12/25/2015,Accessories,2,700,821,121
12/25/2015,Bikes,1,742,697,-45
12/25/2015,Bikes,1,769,753,-16
12/25/2015,Accessories,1,100,115,15
12/25/2015,Accessories,2,810,939,129
12/25/2015,Accessories,3,700,812,112
12/25/2015,Accessories,2,30,37,7
12/25/2015,Clothing,3,171,220,49
12/25/2015,Bikes,2,"2,320.00","2,468.00",148
12/25/2015,Bikes,2,"2,320.00","2,139.00",-181
12/25/2015,Accessories,3,55,60,5
12/25/2015,Clothing,3,"1,000.00","1,153.00",153
12/25/2015,Accessories,1,805,916,111
12/25/2015,Bikes,2,"2,295.00","2,051.00",-244
12/25/2015,Accessories,1,910,"1,034.00",124
12/25/2015,Bikes,1,769,702,-67
12/25/2015,Clothing,3,850,933,83
12/25/2015,Accessories,1,159,168,9
12/25/2015,Bikes,2,"1,120.00","1,048.00",-72
12/25/2015,Accessories,1,140,144,4
12/25/2015,Accessories,3,234,259,25
12/25/2015,Bikes,2,742,643,-99
12/25/2015,Accessories,3,92,103,11
12/26/2015,Clothing,3,270,256,-14
12/26/2015,Accessories,2,104,111,7
12/26/2015,Accessories,1,913,948,35
12/26/2015,Accessories,2,140,163,23
12/26/2015,Accessories,1,45,54,9
12/26/2015,Accessories,1,360,388,28
12/26/2015,Bikes,3,"1,701.00","1,840.00",139
12/26/2015,Bikes,1,"2,295.00","2,879.00",584
12/26/2015,Accessories,1,240,315,75
12/26/2015,Clothing,1,918,"1,150.00",232
12/26/2015,Clothing,1,153,149,-4
12/26/2015,Accessories,3,525,557,32
12/26/2015,Clothing,1,350,403,53
12/26/2015,Bikes,1,"2,320.00","2,255.00",-65
12/26/2015,Accessories,2,90,109,19
12/26/2015,Accessories,3,245,258,13
12/26/2015,Accessories,2,"1,590.00","1,865.00",275
12/26/2015,Bikes,3,"2,295.00","2,152.00",-143
12/26/2015,Accessories,1,696,942,246
12/26/2015,Accessories,3,70,97,27
12/26/2015,Clothing,3,500,561,61
12/26/2015,Bikes,1,769,861,92
12/26/2015,Accessories,1,600,879,279
12/26/2015,Accessories,1,14,17,3
12/26/2015,Accessories,1,203,213,10
12/26/2015,Accessories,1,10,11,1
12/26/2015,Accessories,1,150,158,8
12/26/2015,Accessories,2,15,17,2
12/26/2015,Bikes,1,"2,443.00","2,366.00",-77
12/26/2015,Accessories,1,99,122,23
12/26/2015,Accessories,3,90,102,12
12/26/2015,Accessories,1,55,57,2
12/26/2015,Accessories,3,770,861,91
12/26/2015,Bikes,2,769,749,-20
12/26/2015,Accessories,3,76,105,29
12/27/2015,Accessories,2,250,272,22
12/27/2015,Accessories,3,145,161,16
12/27/2015,Accessories,2,660,639,-21
12/27/2015,Accessories,1,540,561,21
12/27/2015,Accessories,1,7,7,0
12/27/2015,Clothing,1,63,74,11
12/27/2015,Accessories,1,60,54,-6
12/27/2015,Accessories,2,200,253,53
12/27/2015,Accessories,2,96,139,43
12/27/2015,Accessories,3,66,97,31
12/27/2015,Accessories,1,770,854,84
12/27/2015,Accessories,1,232,253,21
12/27/2015,Accessories,1,120,130,10
12/27/2015,Accessories,1,170,222,52
12/27/2015,Accessories,3,115,162,47
12/27/2015,Accessories,2,280,354,74
12/27/2015,Bikes,1,"2,295.00","2,212.00",-83
12/27/2015,Accessories,2,770,903,133
12/27/2015,Bikes,2,"2,295.00","2,291.00",-4
12/28/2015,Accessories,1,"1,113.00","1,297.00",184
12/28/2015,Accessories,3,980,"1,153.00",173
12/28/2015,Accessories,3,5,6,1
12/28/2015,Bikes,3,"1,701.00","1,984.00",283
12/28/2015,Accessories,2,605,858,253
12/28/2015,Accessories,1,70,90,20
12/28/2015,Bikes,2,"2,295.00","2,215.00",-80
12/28/2015,Clothing,1,"1,250.00","1,462.00",212
12/28/2015,Bikes,2,"2,384.00","2,015.00",-369
12/28/2015,Accessories,2,90,98,8
12/28/2015,Accessories,1,115,132,17
12/28/2015,Bikes,2,"2,320.00","2,806.00",486
12/28/2015,Accessories,1,408,414,6
12/28/2015,Accessories,1,76,79,3
12/28/2015,Accessories,2,770,867,97
12/28/2015,Accessories,3,95,102,7
12/28/2015,Bikes,1,540,542,2
12/28/2015,Clothing,2,234,247,13
12/28/2015,Accessories,1,9,12,3
12/28/2015,Accessories,3,110,119,9
12/28/2015,Accessories,3,475,579,104
12/28/2015,Accessories,2,665,794,129
12/28/2015,Accessories,1,160,160,0
12/28/2015,Accessories,3,140,162,22
12/28/2015,Bikes,3,"2,320.00","1,981.00",-339
12/28/2015,Clothing,2,127,142,15
12/28/2015,Clothing,1,"1,350.00","1,666.00",316
12/28/2015,Bikes,3,"1,120.00","1,356.00",236
12/28/2015,Accessories,3,245,272,27
12/28/2015,Accessories,1,100,119,19
12/29/2015,Accessories,3,110,125,15
12/29/2015,Accessories,2,490,499,9
12/29/2015,Bikes,3,"1,120.00","1,082.00",-38
12/29/2015,Bikes,2,769,659,-110
12/29/2015,Accessories,1,72,88,16
12/29/2015,Accessories,1,848,"1,014.00",166
12/29/2015,Accessories,3,23,27,4
12/29/2015,Accessories,2,90,91,1
12/29/2015,Bikes,2,"2,320.00","1,924.00",-396
12/29/2015,Bikes,3,"2,320.00","2,230.00",-90
12/29/2015,Accessories,2,207,214,7
12/29/2015,Accessories,2,65,81,16
12/29/2015,Clothing,3,99,112,13
12/29/2015,Accessories,1,735,897,162
12/29/2015,Bikes,3,769,805,36
12/29/2015,Accessories,2,945,"1,067.00",122
12/29/2015,Bikes,3,"2,384.00","1,706.00",-678
12/29/2015,Bikes,1,"2,320.00","2,314.00",-6
12/29/2015,Accessories,2,88,105,17
12/29/2015,Accessories,3,43,61,18
12/29/2015,Accessories,3,64,84,20
12/29/2015,Bikes,3,540,499,-41
12/29/2015,Accessories,1,560,564,4
12/29/2015,Accessories,1,127,127,0
12/29/2015,Bikes,1,769,724,-45
12/29/2015,Bikes,2,"2,384.00","2,544.00",160
12/29/2015,Accessories,3,99,129,30
12/29/2015,Accessories,3,750,807,57
12/29/2015,Accessories,2,560,787,227
12/29/2015,Accessories,3,150,199,49
12/29/2015,Accessories,2,"1,050.00","1,370.00",320
12/29/2015,Bikes,1,"1,701.00","1,484.00",-217
12/29/2015,Accessories,3,630,752,122
12/29/2015,Bikes,3,"2,295.00","2,015.00",-280
12/29/2015,Clothing,3,"1,143.00","1,217.00",74
12/30/2015,Bikes,1,742,676,-66
12/30/2015,Clothing,3,225,272,47
12/30/2015,Bikes,1,"2,320.00","2,001.00",-319
12/30/2015,Clothing,3,162,226,64
12/30/2015,Clothing,3,189,226,37
12/30/2015,Bikes,3,"2,320.00","2,036.00",-284
12/30/2015,Accessories,1,"1,595.00","1,772.00",177
12/30/2015,Accessories,3,162,185,23
12/30/2015,Accessories,2,15,15,0
12/30/2015,Clothing,1,850,894,44
12/30/2015,Accessories,2,4,5,1
12/30/2015,Accessories,3,475,568,93
12/30/2015,Bikes,2,540,477,-63
12/30/2015,Accessories,2,54,59,5
12/30/2015,Accessories,2,135,162,27
12/30/2015,Accessories,1,210,218,8
12/30/2015,Clothing,2,18,22,4
12/30/2015,Bikes,2,"2,320.00","2,258.00",-62
12/30/2015,Bikes,3,"2,443.00","2,296.00",-147
12/30/2015,Bikes,1,769,765,-4
12/30/2015,Clothing,2,600,819,219
12/30/2015,Bikes,3,"2,320.00","2,548.00",228
12/30/2015,Accessories,2,"1,045.00","1,188.00",143
12/31/2015,Clothing,2,200,255,55
12/31/2015,Accessories,3,245,274,29
12/31/2015,Accessories,1,90,89,-1
12/31/2015,Accessories,2,140,151,11
12/31/2015,Accessories,2,910,994,84
12/31/2015,Accessories,3,65,71,6
12/31/2015,Accessories,2,770,906,136
12/31/2015,Clothing,1,270,289,19
12/31/2015,Accessories,2,945,977,32
12/31/2015,Accessories,2,125,146,21
12/31/2015,Accessories,1,180,203,23
12/31/2015,Accessories,3,135,143,8
12/31/2015,Accessories,1,95,112,17
12/31/2015,Accessories,2,"1,015.00","1,037.00",22
12/31/2015,Accessories,1,560,592,32
12/31/2015,Clothing,2,234,263,29
12/31/2015,Accessories,3,220,242,22
12/31/2015,Accessories,2,20,22,2
12/31/2015,Bikes,3,"2,443.00","2,701.00",258
12/31/2015,Bikes,2,540,555,15
12/31/2015,Clothing,1,"1,296.00","1,268.00",-28
12/31/2015,Bikes,3,"2,443.00","1,959.00",-484
12/31/2015,Bikes,2,769,797,28
12/31/2015,Clothing,1,9,10,1
12/31/2015,Bikes,1,540,377,-163
12/31/2015,Accessories,1,30,31,1
12/31/2015,Accessories,2,27,41,14
12/31/2015,Accessories,2,135,170,35
12/31/2015,Accessories,3,600,788,188
12/31/2015,Accessories,1,559,603,44
12/31/2015,Accessories,2,68,75,7
12/31/2015,Accessories,1,45,58,13
12/31/2015,Accessories,1,87,124,37
12/31/2015,Bikes,2,769,869,100
1/1/2016,Clothing,1,216,243,27
1/1/2016,Accessories,2,595,759,164
1/1/2016,Accessories,1,210,271,61
1/1/2016,Accessories,3,40,49,9
1/1/2016,Accessories,2,700,966,266
1/1/2016,Clothing,3,"1,134.00","1,397.00",263
1/1/2016,Accessories,2,270,348,78
1/1/2016,Accessories,2,140,169,29
1/1/2016,Bikes,3,"1,215.00","1,213.00",-2
1/1/2016,Bikes,3,"2,295.00","2,409.00",114
1/1/2016,Accessories,2,145,168,23
1/1/2016,Clothing,3,191,218,27
1/1/2016,Accessories,1,770,939,169
1/1/2016,Bikes,1,"2,384.00","2,959.00",575
1/1/2016,Accessories,1,805,"1,023.00",218
1/1/2016,Bikes,3,"1,701.00","2,068.00",367
1/1/2016,Accessories,2,735,860,125
1/1/2016,Bikes,2,"2,295.00","2,572.00",277
1/1/2016,Accessories,2,171,234,63
1/1/2016,Accessories,3,20,24,4
1/1/2016,Accessories,2,176,277,101
1/1/2016,Bikes,2,565,752,187
1/1/2016,Clothing,2,63,88,25
1/1/2016,Bikes,2,540,660,120
1/2/2016,Accessories,1,286,380,94
1/2/2016,Accessories,1,630,717,87
1/2/2016,Accessories,1,95,112,17
1/2/2016,Clothing,2,207,260,53
1/2/2016,Accessories,2,130,145,15
1/2/2016,Accessories,3,29,32,3
1/2/2016,Accessories,3,805,"1,109.00",304
1/2/2016,Accessories,1,770,940,170
1/2/2016,Accessories,1,10,13,3
1/2/2016,Accessories,2,875,"1,128.00",253
1/2/2016,Accessories,3,420,498,78
1/2/2016,Accessories,1,638,756,118
1/2/2016,Accessories,3,50,61,11
1/2/2016,Clothing,1,300,353,53
1/2/2016,Accessories,1,462,546,84
1/2/2016,Accessories,2,615,762,147
1/2/2016,Accessories,2,176,217,41
1/2/2016,Clothing,1,635,635,0
1/2/2016,Bikes,1,769,800,31
1/2/2016,Bikes,3,"2,295.00","2,917.00",622
1/2/2016,Clothing,1,189,325,136
1/2/2016,Accessories,3,560,853,293
1/3/2016,Accessories,2,717,945,228
1/3/2016,Accessories,1,45,55,10
1/3/2016,Accessories,1,70,93,23
1/3/2016,Clothing,2,27,34,7
1/3/2016,Accessories,1,5,6,1
1/3/2016,Accessories,2,315,391,76
1/3/2016,Bikes,1,"2,295.00","2,350.00",55
1/3/2016,Accessories,2,143,173,30
1/3/2016,Accessories,1,76,94,18
1/3/2016,Bikes,2,"2,384.00","2,778.00",394
1/3/2016,Accessories,3,825,"1,054.00",229
1/3/2016,Bikes,3,"2,320.00","2,385.00",65
1/3/2016,Accessories,1,350,436,86
1/3/2016,Bikes,2,"2,295.00","2,512.00",217
1/3/2016,Accessories,3,330,405,75
1/3/2016,Accessories,2,16,21,5
1/3/2016,Accessories,2,5,4,-1
1/3/2016,Clothing,1,198,257,59
1/3/2016,Accessories,2,910,"1,152.00",242
1/3/2016,Accessories,1,30,36,6
1/4/2016,Accessories,2,245,317,72
1/4/2016,Accessories,2,595,783,188
1/4/2016,Accessories,3,27,33,6
1/4/2016,Accessories,1,120,168,48
1/4/2016,Accessories,3,21,27,6
1/4/2016,Clothing,1,108,117,9
1/4/2016,Accessories,3,352,457,105
1/4/2016,Accessories,3,80,110,30
1/4/2016,Accessories,1,174,229,55
1/4/2016,Clothing,2,9,11,2
1/4/2016,Bikes,2,769,981,212
1/4/2016,Clothing,3,"1,450.00","2,360.00",910
1/4/2016,Accessories,2,220,244,24
1/4/2016,Accessories,1,110,122,12
1/4/2016,Clothing,2,699,983,284
1/4/2016,Bikes,1,"1,701.00","1,972.00",271
1/5/2016,Accessories,1,210,271,61
1/5/2016,Bikes,3,742,791,49
1/5/2016,Accessories,3,64,84,20
1/5/2016,Accessories,2,62,79,17
1/5/2016,Accessories,3,580,814,234
1/5/2016,Accessories,1,69,92,23
1/5/2016,Bikes,2,"2,320.00","2,674.00",354
1/5/2016,Accessories,1,396,437,41
1/5/2016,Bikes,1,"2,295.00","2,202.00",-93
1/5/2016,Accessories,3,198,240,42
1/5/2016,Accessories,1,665,806,141
1/5/2016,Accessories,2,352,458,106
1/5/2016,Accessories,2,35,42,7
1/5/2016,Clothing,2,"1,242.00","1,808.00",566
1/5/2016,Accessories,2,270,331,61
1/5/2016,Accessories,1,348,452,104
1/5/2016,Accessories,1,15,19,4
1/5/2016,Accessories,2,350,439,89
1/5/2016,Accessories,1,135,164,29
1/5/2016,Accessories,1,72,99,27
1/5/2016,Bikes,3,"2,320.00","2,674.00",354
1/5/2016,Accessories,2,493,631,138
1/5/2016,Accessories,1,115,137,22
1/5/2016,Accessories,3,48,60,12
1/5/2016,Clothing,2,"1,842.00","2,030.00",188
1/5/2016,Accessories,1,35,47,12
1/5/2016,Accessories,2,171,208,37
1/5/2016,Accessories,1,910,"1,177.00",267
1/5/2016,Bikes,3,"2,295.00","1,778.00",-517
1/5/2016,Accessories,2,455,463,8
1/5/2016,Accessories,1,130,162,32
1/5/2016,Accessories,3,350,363,13
1/5/2016,Bikes,3,"2,295.00","2,457.00",162
1/5/2016,Bikes,3,540,586,46
1/5/2016,Accessories,1,171,197,26
1/5/2016,Accessories,3,108,133,25
1/6/2016,Bikes,3,742,743,1
1/6/2016,Accessories,2,"1,015.00","1,285.00",270
1/6/2016,Clothing,2,269,310,41
1/6/2016,Accessories,3,98,129,31
1/6/2016,Clothing,1,"1,350.00","1,519.00",169
1/6/2016,Clothing,1,54,69,15
1/6/2016,Accessories,2,20,26,6
1/6/2016,Accessories,1,391,474,83
1/6/2016,Bikes,1,"2,295.00","3,109.00",814
1/6/2016,Accessories,1,198,298,100
1/6/2016,Clothing,3,250,355,105
1/6/2016,Clothing,3,189,275,86
1/6/2016,Accessories,1,193,221,28
1/6/2016,Accessories,1,28,33,5
1/6/2016,Clothing,2,"1,080.00","1,420.00",340
1/6/2016,Accessories,2,16,20,4
1/6/2016,Accessories,1,279,344,65
1/6/2016,Accessories,3,68,93,25
1/6/2016,Accessories,1,462,583,121
1/6/2016,Accessories,1,418,531,113
1/6/2016,Bikes,3,"2,320.00","2,427.00",107
1/6/2016,Accessories,2,10,16,6
1/6/2016,Bikes,1,"2,320.00","2,402.00",82
1/6/2016,Accessories,1,198,254,56
1/6/2016,Clothing,2,"1,512.00","1,644.00",132
1/6/2016,Accessories,3,420,648,228
1/6/2016,Accessories,1,45,69,24
1/6/2016,Accessories,2,34,54,20
1/6/2016,Accessories,3,85,102,17
1/6/2016,Accessories,2,117,139,22
1/6/2016,Bikes,1,"2,295.00","2,548.00",253
1/6/2016,Accessories,1,45,69,24
1/7/2016,Clothing,2,153,160,7
1/7/2016,Clothing,1,500,679,179
1/7/2016,Bikes,1,"2,443.00","2,954.00",511
1/7/2016,Clothing,2,416,520,104
1/7/2016,Accessories,1,506,590,84
1/7/2016,Accessories,2,117,152,35
1/7/2016,Accessories,3,85,115,30
1/7/2016,Accessories,1,506,576,70
1/7/2016,Bikes,3,"1,120.00","1,198.00",78
1/7/2016,Accessories,3,659,869,210
1/7/2016,Accessories,2,80,125,45
1/7/2016,Accessories,1,525,571,46
1/7/2016,Clothing,2,710,753,43
1/7/2016,Clothing,3,637,891,254
1/7/2016,Bikes,2,"2,320.00","2,576.00",256
1/7/2016,Clothing,1,24,30,6
1/7/2016,Accessories,1,175,208,33
1/7/2016,Bikes,1,"1,215.00","1,339.00",124
1/7/2016,Accessories,1,9,12,3
1/7/2016,Accessories,3,60,67,7
1/7/2016,Clothing,3,826,870,44
1/7/2016,Accessories,3,75,87,12
1/7/2016,Accessories,3,10,13,3
1/8/2016,Bikes,2,742,765,23
1/8/2016,Clothing,2,637,"1,008.00",371
1/8/2016,Accessories,3,175,220,45
1/8/2016,Accessories,3,39,51,12
1/8/2016,Clothing,1,196,284,88
1/8/2016,Bikes,1,"2,320.00","1,718.00",-602
1/8/2016,Accessories,3,475,574,99
1/8/2016,Accessories,3,55,63,8
1/8/2016,Bikes,2,"2,295.00","2,499.00",204
1/8/2016,Clothing,1,73,79,6
1/8/2016,Accessories,1,176,208,32
1/8/2016,Accessories,1,650,801,151
1/8/2016,Accessories,1,44,59,15
1/8/2016,Bikes,2,"2,320.00","2,723.00",403
1/8/2016,Accessories,3,440,585,145
1/8/2016,Accessories,3,15,23,8
1/8/2016,Accessories,3,875,"1,350.00",475
1/8/2016,Accessories,2,41,60,19
1/8/2016,Clothing,2,"1,050.00","1,205.00",155
1/8/2016,Clothing,1,9,10,1
1/8/2016,Clothing,3,"1,620.00","1,817.00",197
1/8/2016,Accessories,2,245,311,66
1/8/2016,Accessories,2,32,39,7
1/8/2016,Accessories,3,33,41,8
1/8/2016,Accessories,2,41,51,10
1/8/2016,Bikes,1,"2,320.00","3,378.00",1058
1/8/2016,Accessories,3,"1,540.00","2,359.00",819
1/8/2016,Clothing,1,750,"1,043.00",293
1/9/2016,Clothing,2,147,164,17
1/9/2016,Clothing,3,250,352,102
1/9/2016,Accessories,3,980,"1,222.00",242
1/9/2016,Accessories,3,175,220,45
1/9/2016,Bikes,2,"2,320.00","2,262.00",-58
1/9/2016,Clothing,3,"2,030.00","2,761.00",731
1/9/2016,Accessories,2,754,895,141
1/9/2016,Accessories,3,130,172,42
1/9/2016,Clothing,1,300,384,84
1/9/2016,Clothing,3,216,276,60
1/9/2016,Accessories,1,484,654,170
1/9/2016,Bikes,2,540,633,93
1/9/2016,Bikes,1,540,567,27
1/9/2016,Accessories,2,455,581,126
1/9/2016,Accessories,2,615,789,174
1/9/2016,Accessories,2,264,298,34
1/9/2016,Clothing,1,539,660,121
1/9/2016,Accessories,1,528,679,151
1/9/2016,Bikes,3,"2,320.00","2,003.00",-317
1/10/2016,Accessories,3,70,88,18
1/10/2016,Accessories,1,840,"1,108.00",268
1/10/2016,Accessories,3,35,46,11
1/10/2016,Clothing,3,18,24,6
1/10/2016,Bikes,2,540,620,80
1/10/2016,Accessories,1,52,68,16
1/10/2016,Accessories,1,650,805,155
1/10/2016,Accessories,1,245,332,87
1/10/2016,Accessories,3,44,50,6
1/10/2016,Accessories,2,16,20,4
1/10/2016,Bikes,2,"2,320.00","2,606.00",286
1/10/2016,Accessories,2,280,453,173
1/10/2016,Accessories,3,80,115,35
1/10/2016,Accessories,1,595,881,286
1/10/2016,Accessories,3,280,387,107
1/10/2016,Accessories,2,522,882,360
1/10/2016,Bikes,3,"2,295.00","2,301.00",6
1/10/2016,Accessories,3,330,393,63
1/10/2016,Clothing,3,588,685,97
1/10/2016,Accessories,2,110,191,81
1/10/2016,Clothing,2,918,918,0
1/10/2016,Accessories,3,70,101,31
1/10/2016,Accessories,3,60,88,28
1/10/2016,Accessories,3,600,923,323
1/10/2016,Accessories,1,140,167,27
1/10/2016,Accessories,2,21,25,4
1/10/2016,Accessories,1,665,906,241
1/10/2016,Accessories,2,125,153,28
1/10/2016,Accessories,3,875,"1,259.00",384
1/10/2016,Bikes,2,"1,701.00","2,185.00",484
1/10/2016,Accessories,1,350,498,148
1/10/2016,Accessories,3,667,808,141
1/10/2016,Accessories,3,50,57,7
1/10/2016,Accessories,1,140,188,48
1/10/2016,Accessories,1,70,80,10
1/10/2016,Clothing,2,250,311,61
1/10/2016,Clothing,2,45,58,13
1/10/2016,Bikes,3,565,578,13
1/10/2016,Clothing,2,"1,610.00","2,114.00",504
1/10/2016,Bikes,1,"2,384.00","2,424.00",40
1/10/2016,Bikes,1,"2,295.00","3,098.00",803
1/10/2016,Accessories,1,66,90,24
1/10/2016,Clothing,1,147,197,50
1/10/2016,Accessories,1,"1,485.00","1,915.00",430
1/10/2016,Accessories,1,223,310,87
1/11/2016,Accessories,3,490,729,239
1/11/2016,Accessories,1,700,879,179
1/11/2016,Accessories,1,145,173,28
1/11/2016,Accessories,3,"1,015.00","1,349.00",334
1/11/2016,Clothing,3,300,330,30
1/11/2016,Clothing,2,200,224,24
1/11/2016,Accessories,2,22,34,12
1/11/2016,Clothing,3,318,497,179
1/11/2016,Clothing,3,153,207,54
1/11/2016,Accessories,2,30,31,1
1/11/2016,Accessories,3,50,73,23
1/11/2016,Clothing,1,73,97,24
1/11/2016,Accessories,2,130,146,16
1/11/2016,Accessories,1,480,602,122
1/11/2016,Bikes,3,769,785,16
1/11/2016,Bikes,2,"2,384.00","2,478.00",94
1/11/2016,Bikes,2,"1,701.00","1,648.00",-53
1/11/2016,Accessories,2,396,502,106
1/11/2016,Clothing,3,"1,500.00","1,767.00",267
1/11/2016,Clothing,2,"1,540.00","1,820.00",280
1/11/2016,Clothing,1,"1,260.00","1,442.00",182
1/11/2016,Accessories,3,125,164,39
1/11/2016,Accessories,1,175,295,120
1/11/2016,Accessories,1,64,79,15
1/11/2016,Bikes,1,"2,320.00","2,834.00",514
1/11/2016,Accessories,3,770,950,180
1/12/2016,Accessories,1,571,816,245
1/12/2016,Accessories,2,385,481,96
1/12/2016,Accessories,1,308,369,61
1/12/2016,Accessories,1,35,44,9
1/12/2016,Accessories,1,10,13,3
1/12/2016,Accessories,3,143,170,27
1/12/2016,Clothing,2,400,540,140
1/12/2016,Accessories,2,76,117,41
1/12/2016,Clothing,2,198,228,30
1/12/2016,Accessories,2,115,150,35
1/12/2016,Accessories,3,210,274,64
1/12/2016,Accessories,3,571,666,95
1/12/2016,Accessories,1,135,158,23
1/12/2016,Accessories,3,945,"1,211.00",266
1/12/2016,Bikes,1,"2,320.00","2,549.00",229
1/12/2016,Accessories,2,8,11,3
1/12/2016,Accessories,1,35,44,9
1/12/2016,Accessories,3,66,81,15
1/13/2016,Accessories,1,105,131,26
1/13/2016,Accessories,1,659,790,131
1/13/2016,Accessories,3,154,180,26
1/13/2016,Accessories,2,48,54,6
1/13/2016,Accessories,1,88,110,22
1/13/2016,Accessories,2,770,949,179
1/13/2016,Accessories,2,571,705,134
1/13/2016,Clothing,3,225,233,8
1/13/2016,Accessories,2,90,111,21
1/13/2016,Accessories,2,180,222,42
1/13/2016,Bikes,2,540,497,-43
1/14/2016,Accessories,1,300,353,53
1/14/2016,Accessories,2,130,179,49
1/14/2016,Accessories,1,210,292,82
1/14/2016,Clothing,3,162,196,34
1/14/2016,Accessories,2,88,100,12
1/14/2016,Accessories,3,264,350,86
1/14/2016,Accessories,3,848,"1,106.00",258
1/14/2016,Accessories,3,40,47,7
1/14/2016,Accessories,2,5,6,1
1/14/2016,Bikes,3,540,569,29
1/14/2016,Accessories,3,455,682,227
1/14/2016,Clothing,1,63,78,15
1/14/2016,Accessories,3,60,68,8
1/14/2016,Accessories,2,28,40,12
1/14/2016,Accessories,2,525,864,339
1/14/2016,Clothing,2,"1,300.00","1,600.00",300
1/14/2016,Bikes,2,540,574,34
1/14/2016,Clothing,2,200,267,67
1/14/2016,Bikes,3,"2,295.00","2,267.00",-28
1/14/2016,Clothing,2,350,399,49
1/14/2016,Accessories,1,116,156,40
1/14/2016,Accessories,1,935,"1,118.00",183
1/14/2016,Bikes,1,"2,295.00","2,271.00",-24
1/14/2016,Accessories,3,130,151,21
1/14/2016,Accessories,2,198,281,83
1/14/2016,Clothing,2,864,989,125
1/14/2016,Clothing,2,"2,100.00","2,819.00",719
1/14/2016,Accessories,3,66,77,11
1/14/2016,Accessories,2,385,434,49
1/14/2016,Bikes,3,"2,295.00","3,046.00",751
1/14/2016,Clothing,1,"1,050.00","1,592.00",542
1/15/2016,Accessories,2,30,37,7
1/15/2016,Accessories,1,100,138,38
1/15/2016,Accessories,3,80,101,21
1/15/2016,Accessories,1,261,433,172
1/15/2016,Accessories,1,30,48,18
1/15/2016,Bikes,3,"2,384.00","2,798.00",414
1/15/2016,Bikes,2,"2,295.00","2,543.00",248
1/15/2016,Accessories,3,260,354,94
1/15/2016,Clothing,3,198,281,83
1/15/2016,Clothing,3,171,212,41
1/15/2016,Accessories,2,462,594,132
1/15/2016,Bikes,1,"2,295.00","2,699.00",404
1/15/2016,Bikes,2,540,533,-7
1/15/2016,Clothing,3,300,369,69
1/15/2016,Bikes,2,540,567,27
1/15/2016,Bikes,1,"2,384.00","2,411.00",27
1/15/2016,Accessories,2,96,122,26
1/15/2016,Accessories,3,344,412,68
1/15/2016,Accessories,2,46,62,16
1/15/2016,Accessories,2,105,144,39
1/15/2016,Accessories,3,700,974,274
1/15/2016,Accessories,2,"1,015.00","1,173.00",158
1/15/2016,Accessories,2,130,145,15
1/16/2016,Accessories,3,495,559,64
1/16/2016,Accessories,3,315,402,87
1/16/2016,Accessories,3,9,10,1
1/16/2016,Accessories,3,245,298,53
1/16/2016,Bikes,1,"2,320.00","3,070.00",750
1/16/2016,Accessories,3,50,79,29
1/16/2016,Accessories,2,300,462,162
1/16/2016,Accessories,1,754,896,142
1/16/2016,Accessories,1,150,197,47
1/16/2016,Accessories,2,7,9,2
1/16/2016,Accessories,2,945,"1,223.00",278
1/16/2016,Accessories,2,770,"1,254.00",484
1/16/2016,Bikes,1,769,856,87
1/16/2016,Accessories,2,660,783,123
1/16/2016,Accessories,3,105,130,25
1/16/2016,Accessories,2,50,61,11
1/16/2016,Accessories,3,29,38,9
1/16/2016,Accessories,3,14,19,5
1/16/2016,Bikes,2,"2,384.00","2,281.00",-103
1/16/2016,Accessories,2,286,352,66
1/16/2016,Accessories,1,210,246,36
1/16/2016,Bikes,3,769,709,-60
1/16/2016,Accessories,2,64,80,16
1/16/2016,Accessories,3,167,204,37
1/16/2016,Accessories,3,408,514,106
1/16/2016,Accessories,2,55,72,17
1/17/2016,Accessories,1,207,275,68
1/17/2016,Clothing,3,588,837,249
1/17/2016,Bikes,2,"2,295.00","2,211.00",-84
1/17/2016,Bikes,2,"2,295.00","2,936.00",641
1/17/2016,Accessories,1,35,43,8
1/17/2016,Accessories,2,575,741,166
1/17/2016,Accessories,1,27,33,6
1/17/2016,Accessories,3,"3,600.00","4,266.00",666
1/17/2016,Accessories,2,65,81,16
1/17/2016,Accessories,3,593,732,139
1/17/2016,Accessories,2,293,481,188
1/17/2016,Accessories,3,116,173,57
1/17/2016,Bikes,3,"2,320.00","3,043.00",723
1/17/2016,Accessories,2,48,69,21
1/17/2016,Accessories,1,90,114,24
1/17/2016,Accessories,2,10,13,3
1/17/2016,Accessories,3,630,799,169
1/18/2016,Accessories,3,525,648,123
1/18/2016,Accessories,2,910,"1,500.00",590
1/18/2016,Clothing,2,850,990,140
1/18/2016,Clothing,2,153,176,23
1/18/2016,Accessories,2,180,222,42
1/18/2016,Accessories,2,140,171,31
1/18/2016,Accessories,2,145,189,44
1/18/2016,Accessories,1,750,"1,044.00",294
1/18/2016,Accessories,3,48,61,13
1/18/2016,Accessories,3,150,180,30
1/18/2016,Accessories,2,8,10,2
1/18/2016,Clothing,3,"1,296.00","1,691.00",395
1/18/2016,Clothing,2,950,"1,240.00",290
1/18/2016,Bikes,3,540,536,-4
1/18/2016,Clothing,3,686,945,259
1/18/2016,Accessories,3,35,42,7
1/18/2016,Clothing,1,180,244,64
1/18/2016,Accessories,2,75,86,11
1/18/2016,Accessories,3,242,269,27
1/18/2016,Clothing,2,"1,400.00","1,749.00",349
1/18/2016,Accessories,2,44,71,27
1/18/2016,Accessories,1,319,375,56
1/18/2016,Accessories,3,10,12,2
1/18/2016,Accessories,3,87,108,21
1/18/2016,Bikes,1,"2,295.00","2,643.00",348
1/18/2016,Accessories,2,245,308,63
1/18/2016,Accessories,1,95,110,15
1/19/2016,Accessories,3,100,133,33
1/19/2016,Accessories,3,870,"1,189.00",319
1/19/2016,Accessories,2,21,25,4
1/19/2016,Accessories,2,690,960,270
1/19/2016,Bikes,2,769,808,39
1/19/2016,Clothing,3,63,87,24
1/19/2016,Clothing,1,"1,620.00","1,927.00",307
1/19/2016,Accessories,2,770,"1,066.00",296
1/19/2016,Clothing,2,539,716,177
1/19/2016,Accessories,3,462,581,119
1/19/2016,Bikes,1,769,738,-31
1/19/2016,Clothing,2,270,288,18
1/19/2016,Accessories,3,696,835,139
1/19/2016,Accessories,1,145,187,42
1/19/2016,Accessories,1,245,322,77
1/19/2016,Accessories,2,720,864,144
1/19/2016,Accessories,1,25,28,3
1/20/2016,Bikes,3,540,567,27
1/20/2016,Accessories,3,245,283,38
1/20/2016,Bikes,2,"2,384.00","2,720.00",336
1/20/2016,Bikes,2,"2,384.00","2,414.00",30
1/20/2016,Accessories,3,551,733,182
1/20/2016,Accessories,3,70,90,20
1/20/2016,Accessories,3,105,120,15
1/20/2016,Accessories,1,110,140,30
1/20/2016,Bikes,3,"2,295.00","2,701.00",406
1/20/2016,Accessories,1,875,"1,131.00",256
1/20/2016,Accessories,1,198,273,75
1/20/2016,Accessories,3,350,404,54
1/20/2016,Clothing,2,122,153,31
1/20/2016,Accessories,2,183,238,55
1/20/2016,Bikes,3,"2,320.00","2,482.00",162
1/20/2016,Accessories,1,84,94,10
1/20/2016,Accessories,2,494,622,128
1/20/2016,Bikes,3,"2,295.00","2,522.00",227
1/20/2016,Clothing,3,99,128,29
1/20/2016,Bikes,1,"2,320.00","2,156.00",-164
1/20/2016,Bikes,2,"2,320.00","2,405.00",85
1/20/2016,Accessories,2,210,264,54
1/20/2016,Accessories,3,130,163,33
1/20/2016,Accessories,3,230,262,32
1/20/2016,Accessories,3,65,82,17
1/20/2016,Accessories,1,100,116,16
1/20/2016,Accessories,2,207,262,55
1/20/2016,Accessories,3,110,142,32
1/20/2016,Accessories,2,352,443,91
1/20/2016,Accessories,1,319,422,103
1/20/2016,Accessories,1,70,97,27
1/20/2016,Accessories,1,105,134,29
1/20/2016,Accessories,1,696,866,170
1/20/2016,Accessories,1,65,75,10
1/20/2016,Accessories,1,48,59,11
1/20/2016,Bikes,3,"2,384.00","2,679.00",295
1/20/2016,Accessories,1,90,124,34
1/20/2016,Accessories,2,45,62,17
1/20/2016,Accessories,1,125,160,35
1/20/2016,Accessories,2,130,156,26
1/20/2016,Bikes,1,"1,215.00","1,312.00",97
1/20/2016,Accessories,2,88,118,30
1/20/2016,Accessories,2,60,77,17
1/20/2016,Accessories,1,75,101,26
1/20/2016,Bikes,1,565,577,12
1/20/2016,Accessories,3,154,195,41
1/20/2016,Clothing,2,36,63,27
1/20/2016,Bikes,2,540,570,30
1/20/2016,Accessories,1,15,19,4
1/20/2016,Accessories,3,198,222,24
1/20/2016,Clothing,1,198,222,24
1/20/2016,Accessories,1,396,553,157
1/20/2016,Accessories,3,550,866,316
1/20/2016,Bikes,1,565,747,182
1/20/2016,Accessories,2,385,584,199
1/20/2016,Bikes,1,"2,295.00","2,747.00",452
1/20/2016,Accessories,2,245,356,111
1/20/2016,Accessories,1,5,8,3
1/20/2016,Accessories,2,87,126,39
1/20/2016,Accessories,1,630,685,55
1/21/2016,Accessories,3,954,"1,235.00",281
1/21/2016,Bikes,3,742,804,62
1/21/2016,Accessories,2,72,71,-1
1/21/2016,Clothing,1,234,309,75
1/21/2016,Bikes,2,742,826,84
1/21/2016,Accessories,2,525,635,110
1/21/2016,Clothing,2,300,337,37
1/21/2016,Clothing,1,243,275,32
1/21/2016,Bikes,3,"2,320.00","2,092.00",-228
1/21/2016,Accessories,1,70,89,19
1/21/2016,Accessories,1,175,177,2
1/21/2016,Bikes,2,"2,295.00","3,135.00",840
1/21/2016,Accessories,3,80,101,21
1/21/2016,Clothing,2,810,963,153
1/21/2016,Accessories,2,210,255,45
1/21/2016,Bikes,2,742,844,102
1/21/2016,Clothing,3,135,135,0
1/21/2016,Accessories,2,132,178,46
1/21/2016,Accessories,2,522,639,117
1/21/2016,Bikes,3,"1,120.00","1,646.00",526
1/21/2016,Accessories,2,700,"1,062.00",362
1/21/2016,Clothing,2,"2,030.00","2,902.00",872
1/21/2016,Accessories,1,72,99,27
1/21/2016,Accessories,2,21,33,12
1/21/2016,Accessories,2,264,322,58
1/22/2016,Accessories,2,696,"1,080.00",384
1/22/2016,Accessories,3,60,82,22
1/22/2016,Accessories,1,560,872,312
1/22/2016,Clothing,1,594,694,100
1/22/2016,Accessories,2,135,178,43
1/22/2016,Accessories,3,315,378,63
1/22/2016,Accessories,2,735,882,147
1/22/2016,Accessories,3,40,51,11
1/22/2016,Bikes,2,540,605,65
1/22/2016,Accessories,2,40,53,13
1/22/2016,Accessories,3,107,136,29
1/22/2016,Accessories,1,55,68,13
1/22/2016,Accessories,2,110,149,39
1/22/2016,Accessories,1,70,76,6
1/22/2016,Bikes,3,"2,443.00","2,448.00",5
1/22/2016,Bikes,2,"1,120.00","1,283.00",163
1/22/2016,Bikes,1,"2,384.00","3,176.00",792
1/22/2016,Accessories,1,125,201,76
1/22/2016,Accessories,2,225,338,113
1/22/2016,Bikes,2,540,525,-15
1/22/2016,Clothing,2,108,128,20
1/22/2016,Bikes,3,742,802,60
1/22/2016,Accessories,2,455,539,84
1/22/2016,Bikes,2,565,720,155
1/22/2016,Accessories,3,176,238,62
1/22/2016,Clothing,1,"1,461.00","2,279.00",818
1/22/2016,Accessories,1,84,95,11
1/22/2016,Accessories,1,350,432,82
1/22/2016,Accessories,2,7,9,2
1/22/2016,Accessories,2,154,204,50
1/22/2016,Bikes,1,"1,701.00","1,798.00",97
1/23/2016,Accessories,2,35,44,9
1/23/2016,Accessories,1,110,145,35
1/23/2016,Accessories,3,15,19,4
1/23/2016,Clothing,3,50,79,29
1/23/2016,Bikes,3,"2,295.00","2,575.00",280
1/23/2016,Accessories,3,57,67,10
1/23/2016,Accessories,1,945,"1,399.00",454
1/23/2016,Accessories,3,105,148,43
1/23/2016,Accessories,2,95,120,25
1/23/2016,Accessories,1,270,331,61
1/23/2016,Accessories,3,637,837,200
1/23/2016,Accessories,3,750,883,133
1/23/2016,Accessories,1,95,122,27
1/23/2016,Accessories,1,34,44,10
1/23/2016,Accessories,3,80,94,14
1/23/2016,Accessories,3,57,78,21
1/23/2016,Accessories,3,571,913,342
1/23/2016,Bikes,1,"2,443.00","2,532.00",89
1/23/2016,Accessories,3,95,119,24
1/24/2016,Bikes,1,"2,384.00","2,425.00",41
1/24/2016,Accessories,1,400,498,98
1/24/2016,Bikes,2,"2,320.00","2,242.00",-78
1/24/2016,Clothing,3,220,274,54
1/24/2016,Accessories,2,560,709,149
1/24/2016,Accessories,3,150,205,55
1/24/2016,Accessories,1,15,17,2
1/24/2016,Clothing,3,245,269,24
1/24/2016,Clothing,3,49,61,12
1/24/2016,Bikes,2,"2,320.00","2,299.00",-21
1/24/2016,Clothing,2,126,173,47
1/24/2016,Accessories,3,160,188,28
1/24/2016,Accessories,3,60,71,11
1/24/2016,Clothing,1,"1,200.00","1,468.00",268
1/24/2016,Clothing,2,27,34,7
1/24/2016,Bikes,1,"2,295.00","2,248.00",-47
1/24/2016,Bikes,3,"1,701.00","1,820.00",119
1/24/2016,Accessories,3,"1,015.00","1,138.00",123
1/24/2016,Clothing,3,117,119,2
1/24/2016,Clothing,2,81,87,6
1/24/2016,Accessories,1,795,"1,144.00",349
1/24/2016,Accessories,2,675,810,135
1/24/2016,Accessories,2,52,64,12
1/24/2016,Accessories,2,609,787,178
1/24/2016,Accessories,2,20,29,9
1/24/2016,Accessories,2,25,32,7
1/25/2016,Accessories,3,140,155,15
1/25/2016,Clothing,1,196,275,79
1/25/2016,Accessories,3,60,77,17
1/25/2016,Accessories,2,35,42,7
1/25/2016,Bikes,1,565,640,75
1/25/2016,Accessories,1,"1,050.00","1,271.00",221
1/25/2016,Bikes,1,"2,384.00","2,502.00",118
1/25/2016,Accessories,3,180,226,46
1/25/2016,Accessories,2,50,56,6
1/25/2016,Clothing,2,135,147,12
1/25/2016,Accessories,2,350,459,109
1/25/2016,Accessories,2,88,100,12
1/25/2016,Accessories,2,50,60,10
1/25/2016,Clothing,1,189,236,47
1/25/2016,Accessories,3,154,192,38
1/25/2016,Clothing,2,50,54,4
1/25/2016,Clothing,3,207,215,8
1/25/2016,Accessories,3,44,53,9
1/25/2016,Clothing,2,"1,500.00","1,818.00",318
1/25/2016,Clothing,3,"1,905.00","2,437.00",532
1/25/2016,Accessories,3,420,595,175
1/25/2016,Accessories,3,135,193,58
1/25/2016,Accessories,2,135,176,41
1/25/2016,Accessories,2,110,142,32
1/25/2016,Accessories,1,210,287,77
1/25/2016,Bikes,2,"2,320.00","2,472.00",152
1/25/2016,Accessories,2,750,907,157
1/26/2016,Accessories,1,175,218,43
1/26/2016,Bikes,2,"2,320.00","2,450.00",130
1/26/2016,Accessories,3,910,"1,141.00",231
1/26/2016,Accessories,1,560,738,178
1/26/2016,Bikes,3,540,770,230
1/26/2016,Accessories,3,126,129,3
1/26/2016,Accessories,2,65,102,37
1/26/2016,Accessories,3,315,366,51
1/26/2016,Bikes,1,769,793,24
1/26/2016,Accessories,2,300,458,158
1/26/2016,Accessories,1,35,42,7
1/26/2016,Accessories,3,980,964,-16
1/26/2016,Bikes,2,"2,295.00","3,193.00",898
1/26/2016,Bikes,3,"2,295.00","2,350.00",55
1/26/2016,Bikes,1,540,612,72
1/26/2016,Bikes,1,"1,701.00","1,704.00",3
1/26/2016,Bikes,2,"2,320.00","2,499.00",179
1/26/2016,Accessories,1,525,690,165
1/26/2016,Clothing,2,98,108,10
1/26/2016,Accessories,3,750,823,73
1/26/2016,Accessories,2,240,274,34
1/26/2016,Accessories,3,140,171,31
1/27/2016,Accessories,2,199,252,53
1/27/2016,Bikes,2,"2,295.00","2,151.00",-144
1/27/2016,Accessories,1,385,498,113
1/27/2016,Accessories,1,700,851,151
1/27/2016,Accessories,2,150,197,47
1/27/2016,Accessories,1,770,"1,041.00",271
1/27/2016,Clothing,3,54,65,11
1/27/2016,Accessories,2,659,789,130
1/27/2016,Accessories,3,385,493,108
1/27/2016,Bikes,3,769,816,47
1/27/2016,Accessories,3,615,775,160
1/27/2016,Accessories,2,"1,375.00","1,680.00",305
1/27/2016,Accessories,1,18,19,1
1/27/2016,Accessories,3,75,82,7
1/27/2016,Accessories,1,315,543,228
1/27/2016,Accessories,2,170,185,15
1/27/2016,Accessories,2,65,99,34
1/27/2016,Accessories,2,35,33,-2
1/27/2016,Accessories,3,154,177,23
1/27/2016,Accessories,3,176,233,57
1/27/2016,Clothing,1,220,248,28
1/27/2016,Bikes,2,"2,295.00","2,213.00",-82
1/27/2016,Accessories,2,236,320,84
1/27/2016,Accessories,1,84,96,12
1/27/2016,Accessories,3,348,405,57
1/27/2016,Bikes,2,"2,320.00","2,714.00",394
1/27/2016,Bikes,3,"2,320.00","2,618.00",298
1/27/2016,Clothing,2,"1,080.00","1,670.00",590
1/27/2016,Accessories,2,220,391,171
1/28/2016,Bikes,1,540,506,-34
1/28/2016,Clothing,2,225,302,77
1/28/2016,Clothing,2,127,154,27
1/28/2016,Bikes,2,"2,384.00","2,459.00",75
1/28/2016,Accessories,2,110,134,24
1/28/2016,Clothing,1,343,410,67
1/28/2016,Accessories,1,140,174,34
1/28/2016,Accessories,2,207,267,60
1/28/2016,Accessories,3,15,17,2
1/28/2016,Accessories,2,87,112,25
1/28/2016,Accessories,2,100,124,24
1/28/2016,Accessories,1,525,703,178
1/28/2016,Accessories,2,528,675,147
1/28/2016,Accessories,2,25,35,10
1/28/2016,Clothing,1,800,"1,083.00",283
1/28/2016,Accessories,3,10,12,2
1/28/2016,Accessories,3,528,741,213
1/28/2016,Bikes,1,540,733,193
1/28/2016,Accessories,1,36,50,14
1/28/2016,Bikes,1,"2,443.00","2,863.00",420
1/28/2016,Bikes,3,"2,384.00","2,598.00",214
1/28/2016,Accessories,2,5,7,2
1/28/2016,Accessories,2,125,189,64
1/28/2016,Accessories,3,595,680,85
1/28/2016,Bikes,2,"2,320.00","2,446.00",126
1/28/2016,Accessories,2,374,418,44
1/28/2016,Accessories,3,659,860,201
1/28/2016,Accessories,3,143,189,46
1/28/2016,Clothing,3,99,124,25
1/28/2016,Accessories,3,25,31,6
1/28/2016,Accessories,2,"1,015.00","1,400.00",385
1/28/2016,Accessories,3,"1,113.00","1,563.00",450
1/28/2016,Accessories,2,980,"1,132.00",152
1/28/2016,Accessories,2,245,296,51
1/28/2016,Accessories,2,140,180,40
1/28/2016,Accessories,2,280,355,75
1/28/2016,Clothing,2,508,747,239
1/28/2016,Bikes,2,"2,295.00","2,233.00",-62
1/28/2016,Bikes,3,"2,320.00","2,138.00",-182
1/28/2016,Accessories,1,264,322,58
1/29/2016,Accessories,2,70,80,10
1/29/2016,Accessories,1,60,73,13
1/29/2016,Accessories,1,660,"1,066.00",406
1/29/2016,Accessories,1,37,56,19
1/29/2016,Accessories,1,70,80,10
1/29/2016,Accessories,1,571,713,142
1/29/2016,Clothing,1,180,206,26
1/29/2016,Accessories,2,90,129,39
1/29/2016,Accessories,3,560,789,229
1/29/2016,Bikes,2,"2,295.00","2,364.00",69
1/29/2016,Clothing,2,563,718,155
1/29/2016,Bikes,3,"2,320.00","2,132.00",-188
1/29/2016,Clothing,1,"1,470.00","1,833.00",363
1/29/2016,Clothing,2,563,709,146
1/29/2016,Bikes,1,"2,320.00","2,376.00",56
1/29/2016,Accessories,1,200,249,49
1/29/2016,Accessories,2,115,143,28
1/30/2016,Accessories,1,191,253,62
1/30/2016,Accessories,3,"1,590.00","1,778.00",188
1/30/2016,Accessories,1,870,"1,090.00",220
1/30/2016,Accessories,3,80,99,19
1/30/2016,Accessories,1,23,26,3
1/30/2016,Accessories,3,48,56,8
1/30/2016,Accessories,3,64,78,14
1/30/2016,Bikes,2,"2,295.00","2,643.00",348
1/30/2016,Bikes,3,"2,320.00","2,316.00",-4
1/30/2016,Accessories,3,191,258,67
1/30/2016,Bikes,1,"2,295.00","2,395.00",100
1/30/2016,Accessories,3,308,410,102
1/30/2016,Accessories,1,55,91,36
1/30/2016,Accessories,2,75,101,26
1/30/2016,Accessories,2,90,111,21
1/30/2016,Clothing,3,261,307,46
1/30/2016,Accessories,1,44,58,14
1/30/2016,Bikes,3,"2,320.00","2,453.00",133
1/30/2016,Accessories,3,220,268,48
1/30/2016,Accessories,3,210,242,32
1/30/2016,Accessories,3,175,202,27
1/30/2016,Accessories,3,66,86,20
1/30/2016,Accessories,2,435,735,300
1/30/2016,Accessories,3,15,22,7
1/30/2016,Accessories,3,"1,050.00","1,545.00",495
1/30/2016,Bikes,2,"2,295.00","2,846.00",551
1/30/2016,Accessories,3,100,154,54
1/30/2016,Accessories,2,135,205,70
1/30/2016,Accessories,2,770,"1,103.00",333
1/30/2016,Clothing,1,800,"1,321.00",521
1/31/2016,Accessories,3,"1,485.00","1,852.00",367
1/31/2016,Clothing,3,539,715,176
1/31/2016,Accessories,1,240,301,61
1/31/2016,Accessories,3,145,175,30
1/31/2016,Clothing,1,"1,512.00","2,302.00",790
1/31/2016,Bikes,1,"2,295.00","3,040.00",745
1/31/2016,Accessories,3,193,238,45
1/31/2016,Accessories,2,40,35,-5
1/31/2016,Accessories,3,90,112,22
1/31/2016,Accessories,3,875,"1,492.00",617
1/31/2016,Accessories,1,22,27,5
1/31/2016,Clothing,2,135,164,29
1/31/2016,Accessories,1,506,684,178
1/31/2016,Clothing,3,81,88,7
1/31/2016,Clothing,2,162,186,24
1/31/2016,Accessories,1,615,717,102
1/31/2016,Clothing,1,100,124,24
1/31/2016,Clothing,1,63,68,5
1/31/2016,Bikes,1,540,732,192
1/31/2016,Accessories,1,90,104,14
2/1/2016,Accessories,2,135,176,41
2/1/2016,Accessories,2,53,68,15
2/1/2016,Accessories,2,667,862,195
2/1/2016,Accessories,2,70,94,24
2/1/2016,Bikes,3,742,794,52
2/1/2016,Bikes,3,540,786,246
2/1/2016,Accessories,3,9,14,5
2/1/2016,Bikes,2,540,602,62
2/1/2016,Bikes,3,540,537,-3
2/1/2016,Accessories,1,805,"1,169.00",364
2/1/2016,Accessories,1,700,906,206
2/1/2016,Accessories,1,35,46,11
2/1/2016,Accessories,3,30,35,5
2/1/2016,Accessories,1,70,96,26
2/1/2016,Accessories,2,203,308,105
2/1/2016,Accessories,3,420,636,216
2/1/2016,Accessories,3,462,574,112
2/1/2016,Accessories,1,120,146,26
2/1/2016,Accessories,3,280,381,101
2/1/2016,Accessories,1,95,132,37
2/1/2016,Accessories,2,525,843,318
2/1/2016,Accessories,2,990,"1,128.00",138
2/1/2016,Accessories,3,165,201,36
2/1/2016,Accessories,1,111,144,33
2/1/2016,Accessories,3,484,510,26
2/1/2016,Bikes,2,"2,320.00","2,923.00",603
2/1/2016,Accessories,3,245,368,123
2/1/2016,Accessories,2,350,483,133
2/1/2016,Accessories,3,560,698,138
2/1/2016,Accessories,2,630,984,354
2/1/2016,Clothing,3,72,90,18
2/1/2016,Bikes,2,565,652,87
2/1/2016,Accessories,2,315,392,77
2/1/2016,Bikes,2,"2,295.00","2,439.00",144
2/1/2016,Accessories,2,110,156,46
2/1/2016,Accessories,2,140,156,16
2/1/2016,Accessories,1,490,589,99
2/1/2016,Accessories,3,180,255,75
2/1/2016,Accessories,1,95,114,19
2/1/2016,Accessories,1,140,168,28
2/1/2016,Accessories,3,90,108,18
2/2/2016,Accessories,1,580,735,155
2/2/2016,Accessories,1,110,137,27
2/2/2016,Accessories,1,48,59,11
2/2/2016,Clothing,1,300,414,114
2/2/2016,Clothing,2,162,247,85
2/2/2016,Accessories,1,374,488,114
2/2/2016,Clothing,2,"1,458.00","2,047.00",589
2/2/2016,Bikes,2,769,769,0
2/2/2016,Clothing,2,"1,610.00","1,811.00",201
2/2/2016,Clothing,2,207,207,0
2/2/2016,Accessories,3,191,233,42
2/2/2016,Bikes,2,"2,320.00","2,717.00",397
2/2/2016,Clothing,3,54,70,16
2/2/2016,Bikes,3,"2,320.00","2,445.00",125
2/2/2016,Accessories,2,88,107,19
2/2/2016,Clothing,2,117,142,25
2/3/2016,Bikes,1,"2,295.00","2,296.00",1
2/3/2016,Accessories,3,770,"1,023.00",253
2/3/2016,Accessories,1,162,164,2
2/3/2016,Accessories,2,10,12,2
2/3/2016,Accessories,2,980,"1,376.00",396
2/3/2016,Accessories,2,350,473,123
2/3/2016,Accessories,3,20,26,6
2/3/2016,Accessories,1,100,122,22
2/3/2016,Bikes,3,"2,384.00","2,297.00",-87
2/3/2016,Accessories,2,385,536,151
2/3/2016,Bikes,2,"2,384.00","2,430.00",46
2/3/2016,Accessories,2,665,893,228
2/3/2016,Bikes,1,"2,295.00","2,243.00",-52
2/3/2016,Clothing,1,36,45,9
2/3/2016,Bikes,2,769,828,59
2/3/2016,Accessories,1,180,210,30
2/3/2016,Accessories,3,805,"1,109.00",304
2/3/2016,Bikes,1,"1,120.00","1,124.00",4
2/3/2016,Accessories,1,144,167,23
2/3/2016,Accessories,3,60,68,8
2/4/2016,Accessories,1,163,203,40
2/4/2016,Accessories,2,28,33,5
2/4/2016,Accessories,1,50,64,14
2/4/2016,Accessories,1,29,37,8
2/4/2016,Accessories,2,120,136,16
2/4/2016,Bikes,2,"2,295.00","2,554.00",259
2/4/2016,Bikes,3,565,639,74
2/4/2016,Accessories,1,725,"1,008.00",283
2/4/2016,Accessories,1,80,126,46
2/4/2016,Accessories,3,280,454,174
2/4/2016,Clothing,1,50,76,26
2/4/2016,Clothing,1,9,14,5
2/4/2016,Bikes,3,"2,443.00","2,890.00",447
2/4/2016,Accessories,1,120,165,45
2/4/2016,Accessories,3,72,74,2
2/4/2016,Bikes,2,540,613,73
2/4/2016,Bikes,1,540,606,66
2/4/2016,Bikes,3,"2,384.00","2,575.00",191
2/4/2016,Accessories,3,180,246,66
2/4/2016,Clothing,3,"1,207.00","1,369.00",162
2/4/2016,Accessories,1,20,25,5
2/4/2016,Accessories,2,180,190,10
2/4/2016,Accessories,2,115,158,43
2/4/2016,Clothing,3,18,22,4
2/5/2016,Bikes,2,"1,701.00","1,442.00",-259
2/5/2016,Clothing,1,245,403,158
2/5/2016,Accessories,3,100,129,29
2/5/2016,Accessories,3,754,906,152
2/5/2016,Accessories,3,45,57,12
2/5/2016,Clothing,1,"1,404.00","1,808.00",404
2/5/2016,Clothing,1,198,186,-12
2/5/2016,Clothing,3,216,227,11
2/5/2016,Clothing,3,225,304,79
2/5/2016,Accessories,2,475,564,89
2/5/2016,Clothing,3,702,893,191
2/5/2016,Accessories,3,525,595,70
2/5/2016,Accessories,2,150,218,68
2/5/2016,Bikes,1,742,761,19
2/5/2016,Accessories,2,198,263,65
2/5/2016,Accessories,2,15,19,4
2/5/2016,Accessories,2,350,449,99
2/5/2016,Clothing,3,"1,100.00","1,324.00",224
2/5/2016,Bikes,3,"1,120.00","1,021.00",-99
2/5/2016,Clothing,1,"1,620.00","2,185.00",565
2/5/2016,Bikes,1,565,753,188
2/5/2016,Accessories,2,5,5,0
2/5/2016,Accessories,2,450,713,263
2/5/2016,Accessories,1,875,981,106
2/5/2016,Accessories,2,140,218,78
2/5/2016,Bikes,3,"2,320.00","2,288.00",-32
2/5/2016,Accessories,1,418,490,72
2/5/2016,Clothing,3,254,308,54
2/5/2016,Accessories,1,700,804,104
2/6/2016,Accessories,3,365,587,222
2/6/2016,Accessories,3,525,661,136
2/6/2016,Accessories,3,108,133,25
2/6/2016,Clothing,2,850,"1,104.00",254
2/6/2016,Clothing,3,594,750,156
2/6/2016,Bikes,3,"2,384.00","3,217.00",833
2/6/2016,Accessories,1,207,272,65
2/6/2016,Accessories,3,110,137,27
2/6/2016,Accessories,3,110,142,32
2/6/2016,Accessories,1,30,44,14
2/6/2016,Accessories,2,125,191,66
2/6/2016,Accessories,2,35,52,17
2/6/2016,Bikes,2,742,793,51
2/6/2016,Accessories,3,115,153,38
2/6/2016,Accessories,3,360,435,75
2/6/2016,Accessories,2,575,844,269
2/6/2016,Accessories,1,135,228,93
2/6/2016,Accessories,3,638,823,185
2/6/2016,Accessories,2,140,189,49
2/6/2016,Clothing,3,117,152,35
2/6/2016,Accessories,1,44,50,6
2/6/2016,Clothing,2,54,68,14
2/6/2016,Bikes,3,769,931,162
2/6/2016,Clothing,2,150,230,80
2/6/2016,Clothing,3,"1,540.00","1,524.00",-16
2/6/2016,Clothing,1,27,35,8
2/6/2016,Accessories,1,40,49,9
2/6/2016,Accessories,3,315,400,85
2/6/2016,Accessories,3,665,811,146
2/6/2016,Bikes,3,"2,320.00","2,429.00",109
2/6/2016,Accessories,3,630,788,158
2/6/2016,Accessories,1,270,346,76
2/6/2016,Accessories,3,135,182,47
2/6/2016,Clothing,1,"1,207.00","1,676.00",469
2/7/2016,Bikes,3,540,565,25
2/7/2016,Accessories,2,70,91,21
2/7/2016,Accessories,2,40,47,7
2/7/2016,Accessories,3,84,108,24
2/7/2016,Accessories,3,559,649,90
2/7/2016,Clothing,1,392,483,91
2/7/2016,Bikes,3,"1,701.00","1,679.00",-22
2/7/2016,Clothing,3,18,21,3
2/7/2016,Bikes,3,"1,701.00","1,660.00",-41
2/7/2016,Clothing,2,171,196,25
2/7/2016,Accessories,2,280,396,116
2/7/2016,Accessories,3,20,23,3
2/7/2016,Accessories,3,500,659,159
2/7/2016,Clothing,1,144,200,56
2/7/2016,Clothing,2,189,246,57
2/7/2016,Bikes,3,"2,320.00","2,673.00",353
2/7/2016,Accessories,1,46,58,12
2/7/2016,Bikes,2,"2,295.00","2,413.00",118
2/7/2016,Bikes,1,"2,320.00","2,373.00",53
2/7/2016,Accessories,1,659,821,162
2/7/2016,Accessories,3,506,544,38
2/7/2016,Clothing,1,100,110,10
2/7/2016,Clothing,1,"1,050.00",935,-115
2/7/2016,Accessories,2,"1,045.00","1,235.00",190
2/7/2016,Accessories,2,484,625,141
2/7/2016,Clothing,3,"1,620.00","1,870.00",250
2/7/2016,Accessories,3,190,232,42
2/7/2016,Accessories,2,15,19,4
2/7/2016,Bikes,3,"2,320.00","2,626.00",306
2/7/2016,Accessories,1,260,352,92
2/8/2016,Accessories,3,105,127,22
2/8/2016,Accessories,3,135,176,41
2/8/2016,Accessories,2,39,54,15
2/8/2016,Clothing,3,810,"1,008.00",198
2/8/2016,Accessories,2,645,913,268
2/8/2016,Clothing,3,243,267,24
2/8/2016,Accessories,1,717,928,211
2/8/2016,Accessories,2,560,710,150
2/8/2016,Accessories,3,58,69,11
2/8/2016,Accessories,3,65,87,22
2/8/2016,Bikes,3,769,956,187
2/8/2016,Clothing,3,36,45,9
2/8/2016,Bikes,1,"2,320.00","2,337.00",17
2/8/2016,Bikes,2,"1,120.00","1,412.00",292
2/8/2016,Bikes,3,540,590,50
2/8/2016,Bikes,2,769,994,225
2/8/2016,Clothing,1,100,163,63
2/8/2016,Clothing,3,207,308,101
2/8/2016,Accessories,3,280,332,52
2/8/2016,Accessories,1,264,335,71
2/8/2016,Bikes,3,540,539,-1
2/8/2016,Accessories,3,770,923,153
2/9/2016,Accessories,3,25,33,8
2/9/2016,Accessories,3,396,464,68
2/9/2016,Accessories,3,16,19,3
2/9/2016,Clothing,2,49,59,10
2/9/2016,Accessories,2,260,321,61
2/9/2016,Accessories,3,100,123,23
2/9/2016,Accessories,1,286,336,50
2/9/2016,Accessories,1,945,"1,102.00",157
2/9/2016,Clothing,2,850,"1,066.00",216
2/9/2016,Bikes,2,769,"1,004.00",235
2/9/2016,Clothing,1,850,"1,178.00",328
2/9/2016,Clothing,2,18,29,11
2/9/2016,Bikes,3,"2,320.00","2,670.00",350
2/9/2016,Accessories,3,35,43,8
2/9/2016,Accessories,2,154,193,39
2/9/2016,Accessories,2,45,69,24
2/9/2016,Accessories,3,180,299,119
2/9/2016,Accessories,2,18,29,11
2/9/2016,Bikes,1,"1,701.00","1,630.00",-71
2/9/2016,Bikes,1,"2,384.00","2,590.00",206
2/10/2016,Accessories,2,560,659,99
2/10/2016,Accessories,2,9,13,4
2/10/2016,Accessories,1,127,155,28
2/10/2016,Bikes,3,"2,295.00","2,456.00",161
2/10/2016,Bikes,1,"2,320.00","2,495.00",175
2/10/2016,Accessories,1,104,131,27
2/10/2016,Accessories,3,580,703,123
2/10/2016,Accessories,2,595,616,21
2/10/2016,Accessories,3,420,682,262
2/10/2016,Accessories,1,85,97,12
2/10/2016,Bikes,1,"2,320.00","2,481.00",161
2/10/2016,Bikes,1,540,530,-10
2/10/2016,Accessories,1,630,821,191
2/10/2016,Accessories,3,286,355,69
2/10/2016,Clothing,2,171,209,38
2/10/2016,Accessories,3,286,355,69
2/10/2016,Clothing,3,"1,500.00","2,024.00",524
2/10/2016,Clothing,1,343,438,95
2/10/2016,Accessories,2,210,267,57
2/10/2016,Accessories,3,525,702,177
2/11/2016,Accessories,3,105,127,22
2/11/2016,Accessories,1,35,42,7
2/11/2016,Clothing,2,"1,050.00","1,220.00",170
2/11/2016,Accessories,3,484,637,153
2/11/2016,Accessories,1,14,18,4
2/11/2016,Accessories,3,198,251,53
2/11/2016,Bikes,3,"1,215.00","1,284.00",69
2/11/2016,Accessories,2,30,39,9
2/11/2016,Accessories,1,45,52,7
2/11/2016,Accessories,3,135,163,28
2/11/2016,Accessories,2,7,8,1
2/11/2016,Clothing,2,420,574,154
2/11/2016,Bikes,3,"1,701.00","2,111.00",410
2/11/2016,Clothing,1,"1,750.00","1,944.00",194
2/11/2016,Bikes,2,540,778,238
2/11/2016,Bikes,1,"2,295.00","2,065.00",-230
2/12/2016,Accessories,1,440,510,70
2/12/2016,Accessories,3,600,755,155
2/12/2016,Accessories,2,88,103,15
2/12/2016,Accessories,1,300,370,70
2/12/2016,Accessories,1,70,81,11
2/12/2016,Accessories,1,116,140,24
2/12/2016,Accessories,1,135,171,36
2/12/2016,Accessories,2,"3,600.00","4,923.00",1323
2/12/2016,Accessories,1,203,240,37
2/12/2016,Accessories,2,110,145,35
2/12/2016,Accessories,3,39,46,7
2/12/2016,Accessories,3,560,697,137
2/12/2016,Clothing,1,254,300,46
2/12/2016,Bikes,1,540,564,24
2/12/2016,Accessories,3,430,572,142
2/12/2016,Accessories,3,63,80,17
2/12/2016,Accessories,3,40,43,3
2/12/2016,Bikes,1,"2,320.00","2,578.00",258
2/12/2016,Accessories,1,506,813,307
2/12/2016,Accessories,3,160,244,84
2/12/2016,Accessories,2,770,"1,236.00",466
2/12/2016,Accessories,3,200,261,61
2/12/2016,Accessories,2,140,193,53
2/12/2016,Accessories,3,615,743,128
2/12/2016,Accessories,3,290,349,59
2/12/2016,Accessories,3,140,175,35
2/13/2016,Accessories,1,120,156,36
2/13/2016,Accessories,1,96,105,9
2/13/2016,Accessories,1,84,100,16
2/13/2016,Accessories,3,554,645,91
2/13/2016,Bikes,2,"2,295.00","2,344.00",49
2/13/2016,Bikes,1,"2,295.00","2,690.00",395
2/13/2016,Accessories,3,180,222,42
2/13/2016,Accessories,2,110,118,8
2/13/2016,Accessories,1,40,51,11
2/13/2016,Accessories,1,210,279,69
2/13/2016,Accessories,2,560,702,142
2/13/2016,Bikes,1,"2,443.00","1,989.00",-454
2/13/2016,Bikes,3,540,597,57
2/13/2016,Accessories,3,365,451,86
2/13/2016,Accessories,2,12,14,2
2/13/2016,Clothing,1,710,819,109
2/13/2016,Accessories,3,200,297,97
2/13/2016,Accessories,3,66,102,36
2/13/2016,Accessories,2,477,727,250
2/13/2016,Accessories,1,154,184,30
2/13/2016,Clothing,1,150,158,8
2/13/2016,Clothing,2,162,224,62
2/13/2016,Accessories,3,9,13,4
2/13/2016,Bikes,2,769,878,109
2/13/2016,Accessories,1,30,36,6
2/13/2016,Bikes,2,565,469,-96
2/13/2016,Accessories,2,875,"1,259.00",384
2/13/2016,Accessories,2,637,819,182
2/14/2016,Accessories,3,5,7,2
2/14/2016,Accessories,2,46,64,18
2/14/2016,Clothing,3,200,244,44
2/14/2016,Bikes,2,"2,295.00","2,625.00",330
2/14/2016,Accessories,3,30,47,17
2/14/2016,Accessories,3,85,145,60
2/14/2016,Accessories,2,630,657,27
2/14/2016,Accessories,1,5,7,2
2/14/2016,Accessories,1,400,506,106
2/14/2016,Accessories,1,46,57,11
2/14/2016,Accessories,3,700,864,164
2/14/2016,Clothing,2,300,355,55
2/14/2016,Accessories,1,935,"1,208.00",273
2/14/2016,Accessories,3,700,812,112
2/14/2016,Accessories,3,440,513,73
2/14/2016,Bikes,3,"1,701.00","1,926.00",225
2/14/2016,Bikes,3,769,780,11
2/14/2016,Accessories,2,322,420,98
2/14/2016,Accessories,2,39,51,12
2/14/2016,Bikes,2,"2,295.00","2,307.00",12
2/14/2016,Clothing,1,630,745,115
2/14/2016,Bikes,3,769,"1,099.00",330
2/14/2016,Bikes,3,"2,295.00","2,538.00",243
2/14/2016,Accessories,1,65,82,17
2/14/2016,Accessories,1,"1,590.00","1,996.00",406
2/14/2016,Clothing,1,126,180,54
2/14/2016,Accessories,1,480,585,105
2/14/2016,Accessories,2,"1,485.00","1,644.00",159
2/14/2016,Accessories,2,374,419,45
2/14/2016,Accessories,3,135,167,32
2/14/2016,Accessories,3,525,672,147
2/14/2016,Accessories,1,16,18,2
2/14/2016,Bikes,2,742,801,59
2/15/2016,Clothing,1,122,172,50
2/15/2016,Accessories,1,220,273,53
2/15/2016,Accessories,1,506,664,158
2/15/2016,Accessories,2,60,73,13
2/15/2016,Bikes,3,"2,295.00","2,189.00",-106
2/15/2016,Bikes,1,769,702,-67
2/15/2016,Accessories,3,595,928,333
2/15/2016,Accessories,2,189,244,55
2/15/2016,Accessories,3,45,55,10
2/15/2016,Bikes,2,565,593,28
2/15/2016,Accessories,3,120,167,47
2/15/2016,Accessories,1,55,64,9
2/15/2016,Clothing,1,910,"1,046.00",136
2/15/2016,Bikes,1,769,822,53
2/15/2016,Bikes,1,"2,320.00","2,384.00",64
2/15/2016,Accessories,2,"1,050.00","1,641.00",591
2/15/2016,Accessories,2,385,380,-5
2/15/2016,Clothing,1,"1,404.00","1,652.00",248
2/15/2016,Bikes,2,"2,320.00","2,230.00",-90
2/15/2016,Accessories,2,110,123,13
2/15/2016,Accessories,3,100,135,35
2/15/2016,Clothing,2,"1,296.00","1,592.00",296
2/15/2016,Clothing,1,45,59,14
2/15/2016,Bikes,2,540,611,71
2/15/2016,Accessories,2,615,675,60
2/15/2016,Accessories,1,10,14,4
2/15/2016,Accessories,2,10,11,1
2/15/2016,Bikes,2,540,556,16
2/15/2016,Accessories,1,5,6,1
2/15/2016,Accessories,2,162,221,59
2/15/2016,Bikes,1,"2,295.00","2,947.00",652
2/15/2016,Accessories,3,45,73,28
2/15/2016,Accessories,1,140,205,65
2/16/2016,Accessories,1,"1,050.00","1,351.00",301
2/16/2016,Clothing,1,"1,842.00","1,950.00",108
2/16/2016,Accessories,3,300,350,50
2/16/2016,Accessories,2,60,77,17
2/16/2016,Accessories,2,875,"1,089.00",214
2/16/2016,Clothing,3,98,105,7
2/16/2016,Accessories,3,56,69,13
2/16/2016,Accessories,2,623,811,188
2/16/2016,Accessories,1,44,57,13
2/16/2016,Bikes,1,"2,295.00","2,834.00",539
2/16/2016,Accessories,3,245,348,103
2/16/2016,Clothing,3,54,62,8
2/16/2016,Accessories,3,115,140,25
2/16/2016,Accessories,1,100,140,40
2/16/2016,Accessories,1,10,17,7
2/16/2016,Accessories,1,910,"1,301.00",391
2/16/2016,Bikes,2,"2,320.00","2,459.00",139
2/16/2016,Accessories,2,615,811,196
2/16/2016,Accessories,3,240,273,33
2/16/2016,Accessories,3,50,58,8
2/16/2016,Accessories,1,18,24,6
2/16/2016,Accessories,1,10,14,4
2/17/2016,Bikes,1,"2,384.00","2,415.00",31
2/17/2016,Accessories,1,140,225,85
2/17/2016,Accessories,1,144,195,51
2/17/2016,Accessories,2,143,174,31
2/17/2016,Accessories,1,675,864,189
2/17/2016,Accessories,2,9,11,2
2/17/2016,Clothing,1,661,736,75
2/17/2016,Accessories,1,870,"1,243.00",373
2/17/2016,Accessories,3,75,96,21
2/17/2016,Bikes,2,540,570,30
2/17/2016,Bikes,3,"2,320.00","1,752.00",-568
2/17/2016,Accessories,1,385,391,6
2/17/2016,Bikes,2,565,536,-29
2/17/2016,Clothing,2,"1,143.00","1,260.00",117
2/17/2016,Accessories,3,580,668,88
2/17/2016,Accessories,3,140,155,15
2/17/2016,Accessories,1,455,588,133
2/17/2016,Bikes,3,540,523,-17
2/17/2016,Bikes,2,"2,295.00","2,692.00",397
2/17/2016,Accessories,2,110,170,60
2/17/2016,Accessories,2,95,143,48
2/17/2016,Accessories,2,5,6,1
2/18/2016,Bikes,1,540,622,82
2/18/2016,Bikes,1,"2,384.00","1,986.00",-398
2/18/2016,Accessories,2,537,728,191
2/18/2016,Bikes,3,540,642,102
2/18/2016,Accessories,2,40,49,9
2/18/2016,Accessories,2,37,45,8
2/18/2016,Accessories,1,110,133,23
2/18/2016,Accessories,2,75,97,22
2/18/2016,Accessories,3,150,197,47
2/18/2016,Bikes,3,"1,215.00","1,483.00",268
2/18/2016,Clothing,3,252,308,56
2/18/2016,Accessories,1,396,466,70
2/18/2016,Accessories,2,85,110,25
2/18/2016,Accessories,3,69,78,9
2/18/2016,Accessories,1,945,"1,221.00",276
2/18/2016,Bikes,2,540,646,106
2/18/2016,Accessories,3,990,"1,222.00",232
2/18/2016,Accessories,2,140,165,25
2/18/2016,Clothing,1,490,609,119
2/18/2016,Bikes,2,769,769,0
2/18/2016,Clothing,1,"1,540.00","1,602.00",62
2/18/2016,Accessories,2,120,170,50
2/18/2016,Accessories,3,245,217,-28
2/18/2016,Accessories,1,68,85,17
2/18/2016,Accessories,2,10,14,4
2/18/2016,Bikes,1,"2,320.00","2,111.00",-209
2/18/2016,Accessories,2,243,297,54
2/19/2016,Accessories,1,80,109,29
2/19/2016,Bikes,2,769,995,226
2/19/2016,Accessories,2,150,186,36
2/19/2016,Accessories,3,350,438,88
2/19/2016,Accessories,1,30,34,4
2/19/2016,Accessories,1,48,55,7
2/19/2016,Bikes,2,"2,295.00","2,825.00",530
2/19/2016,Accessories,2,315,524,209
2/19/2016,Accessories,3,50,84,34
2/19/2016,Accessories,1,10,15,5
2/19/2016,Clothing,3,600,790,190
2/19/2016,Bikes,2,"1,215.00","1,312.00",97
2/19/2016,Accessories,3,75,101,26
2/19/2016,Accessories,2,14,22,8
2/19/2016,Accessories,3,240,383,143
2/19/2016,Clothing,2,100,156,56
2/19/2016,Clothing,2,18,24,6
2/19/2016,Bikes,3,"2,384.00","2,801.00",417
2/19/2016,Accessories,2,210,257,47
2/19/2016,Clothing,2,"1,450.00","2,261.00",811
2/19/2016,Accessories,1,44,58,14
2/19/2016,Bikes,1,"2,320.00","2,746.00",426
2/19/2016,Accessories,2,20,26,6
2/19/2016,Accessories,3,110,175,65
2/19/2016,Clothing,1,563,759,196
2/19/2016,Accessories,3,14,19,5
2/20/2016,Clothing,2,49,57,8
2/20/2016,Accessories,3,770,"1,003.00",233
2/20/2016,Bikes,2,"2,384.00","2,792.00",408
2/20/2016,Accessories,2,493,629,136
2/20/2016,Accessories,2,40,52,12
2/20/2016,Accessories,3,18,20,2
2/20/2016,Accessories,3,954,965,11
2/20/2016,Clothing,1,153,155,2
2/20/2016,Accessories,1,220,303,83
2/20/2016,Accessories,2,143,173,30
2/20/2016,Clothing,2,108,173,65
2/20/2016,Accessories,3,352,477,125
2/20/2016,Accessories,3,92,127,35
2/20/2016,Accessories,1,210,261,51
2/20/2016,Accessories,1,675,860,185
2/20/2016,Bikes,1,"2,295.00","2,130.00",-165
2/20/2016,Accessories,1,62,73,11
2/20/2016,Bikes,3,"2,295.00","2,301.00",6
2/20/2016,Accessories,2,945,"1,524.00",579
2/20/2016,Accessories,2,242,295,53
2/20/2016,Accessories,2,484,619,135
2/20/2016,Bikes,3,"2,320.00","2,563.00",243
2/20/2016,Accessories,2,659,783,124
2/20/2016,Accessories,1,220,308,88
2/20/2016,Accessories,3,15,22,7
2/20/2016,Accessories,3,210,334,124
2/20/2016,Clothing,1,18,27,9
2/20/2016,Accessories,3,300,395,95
2/20/2016,Accessories,1,65,85,20
2/20/2016,Accessories,2,20,29,9
2/20/2016,Clothing,2,612,814,202
2/20/2016,Accessories,2,80,106,26
2/20/2016,Accessories,3,20,23,3
2/20/2016,Bikes,2,565,659,94
2/20/2016,Bikes,1,"2,295.00","2,971.00",676
2/20/2016,Bikes,3,"2,295.00","2,388.00",93
2/21/2016,Accessories,2,104,164,60
2/21/2016,Accessories,2,595,790,195
2/21/2016,Clothing,1,144,189,45
2/21/2016,Clothing,2,350,302,-48
2/21/2016,Clothing,1,252,344,92
2/21/2016,Clothing,2,756,856,100
2/21/2016,Clothing,2,100,134,34
2/21/2016,Accessories,3,560,865,305
2/21/2016,Clothing,2,180,209,29
2/21/2016,Accessories,3,636,823,187
2/21/2016,Bikes,3,"2,320.00","2,356.00",36
2/21/2016,Accessories,3,815,"1,123.00",308
2/21/2016,Accessories,2,104,128,24
2/21/2016,Accessories,3,210,269,59
2/21/2016,Accessories,1,140,181,41
2/21/2016,Accessories,2,55,63,8
2/21/2016,Accessories,1,120,144,24
2/21/2016,Accessories,3,21,26,5
2/21/2016,Clothing,3,70,97,27
2/21/2016,Accessories,2,315,440,125
2/21/2016,Accessories,3,25,32,7
2/21/2016,Clothing,1,250,383,133
2/21/2016,Bikes,2,"2,384.00","2,856.00",472
2/21/2016,Clothing,1,162,204,42
2/21/2016,Clothing,1,"1,397.00","1,994.00",597
2/21/2016,Accessories,2,"1,050.00","1,370.00",320
2/22/2016,Accessories,3,130,159,29
2/22/2016,Accessories,2,50,68,18
2/22/2016,Accessories,1,75,104,29
2/22/2016,Bikes,1,"2,320.00","3,042.00",722
2/22/2016,Accessories,3,"1,015.00","1,344.00",329
2/22/2016,Accessories,1,110,116,6
2/22/2016,Accessories,3,595,798,203
2/22/2016,Bikes,1,742,800,58
2/22/2016,Accessories,2,286,418,132
2/22/2016,Accessories,3,190,277,87
2/22/2016,Accessories,2,75,114,39
2/22/2016,Accessories,3,595,851,256
2/22/2016,Accessories,3,840,"1,005.00",165
2/22/2016,Accessories,1,10,12,2
2/22/2016,Bikes,3,"2,320.00","2,552.00",232
2/22/2016,Accessories,2,5,6,1
2/22/2016,Accessories,3,490,549,59
2/22/2016,Accessories,1,525,677,152
2/22/2016,Accessories,3,15,17,2
2/22/2016,Bikes,3,769,771,2
2/22/2016,Accessories,2,75,91,16
2/22/2016,Accessories,1,250,302,52
2/22/2016,Bikes,1,"2,320.00","3,079.00",759
2/22/2016,Bikes,1,565,768,203
2/22/2016,Accessories,3,980,"1,083.00",103
2/22/2016,Bikes,2,540,589,49
2/23/2016,Accessories,3,75,102,27
2/23/2016,Accessories,2,464,577,113
2/23/2016,Accessories,1,45,54,9
2/23/2016,Accessories,3,199,274,75
2/23/2016,Accessories,2,506,642,136
2/23/2016,Clothing,2,250,298,48
2/23/2016,Accessories,2,200,246,46
2/23/2016,Accessories,2,100,120,20
2/23/2016,Accessories,3,840,"1,332.00",492
2/23/2016,Accessories,3,167,201,34
2/23/2016,Accessories,2,70,90,20
2/23/2016,Accessories,2,105,135,30
2/23/2016,Bikes,2,"2,320.00","2,601.00",281
2/23/2016,Accessories,3,560,711,151
2/23/2016,Bikes,3,742,856,114
2/23/2016,Accessories,1,36,44,8
2/23/2016,Accessories,2,85,131,46
2/23/2016,Accessories,2,450,690,240
2/23/2016,Clothing,3,350,455,105
2/23/2016,Accessories,2,18,22,4
2/23/2016,Accessories,2,10,12,2
2/23/2016,Bikes,3,"2,295.00","2,595.00",300
2/23/2016,Bikes,3,"2,295.00","2,790.00",495
2/23/2016,Accessories,1,735,"1,050.00",315
2/23/2016,Accessories,2,805,937,132
2/23/2016,Accessories,2,22,26,4
2/23/2016,Accessories,1,70,82,12
2/23/2016,Bikes,1,"2,295.00","2,812.00",517
2/23/2016,Accessories,3,290,357,67
2/23/2016,Accessories,2,70,90,20
2/23/2016,Clothing,2,117,200,83
2/24/2016,Accessories,1,69,83,14
2/24/2016,Bikes,3,"1,120.00","1,126.00",6
2/24/2016,Accessories,1,56,74,18
2/24/2016,Accessories,1,450,546,96
2/24/2016,Bikes,1,"2,384.00","1,696.00",-688
2/24/2016,Accessories,2,103,121,18
2/24/2016,Bikes,3,"2,295.00","2,378.00",83
2/24/2016,Accessories,1,286,390,104
2/24/2016,Accessories,2,140,206,66
2/24/2016,Accessories,1,70,109,39
2/24/2016,Clothing,2,81,133,52
2/24/2016,Accessories,2,840,"1,275.00",435
2/24/2016,Bikes,1,"2,295.00","2,873.00",578
2/24/2016,Accessories,3,528,820,292
2/24/2016,Clothing,3,"1,000.00","1,610.00",610
2/24/2016,Clothing,2,81,93,12
2/24/2016,Accessories,3,522,687,165
2/24/2016,Accessories,2,593,753,160
2/24/2016,Clothing,2,270,384,114
2/24/2016,Clothing,1,980,"1,611.00",631
2/24/2016,Bikes,1,565,597,32
2/24/2016,Bikes,1,769,820,51
2/24/2016,Clothing,1,150,204,54
2/24/2016,Clothing,2,"1,330.00","1,610.00",280
2/24/2016,Clothing,2,343,448,105
2/24/2016,Bikes,3,"2,320.00","2,565.00",245
2/24/2016,Bikes,3,"2,384.00","1,716.00",-668
2/24/2016,Accessories,2,270,362,92
2/24/2016,Clothing,3,198,250,52
2/24/2016,Accessories,2,90,123,33
2/24/2016,Accessories,1,105,144,39
2/24/2016,Accessories,2,735,942,207
2/24/2016,Accessories,3,350,439,89
2/25/2016,Accessories,2,68,87,19
2/25/2016,Accessories,2,473,578,105
2/25/2016,Accessories,3,70,94,24
2/25/2016,Accessories,2,175,220,45
2/25/2016,Accessories,2,770,978,208
2/25/2016,Clothing,3,73,89,16
2/25/2016,Clothing,1,196,263,67
2/25/2016,Accessories,3,396,497,101
2/25/2016,Clothing,2,650,859,209
2/25/2016,Accessories,2,315,407,92
2/25/2016,Bikes,1,"2,320.00","2,501.00",181
2/25/2016,Accessories,2,55,68,13
2/25/2016,Accessories,1,638,816,178
2/25/2016,Accessories,1,980,"1,278.00",298
2/25/2016,Accessories,2,630,764,134
2/26/2016,Clothing,2,153,196,43
2/26/2016,Accessories,3,462,648,186
2/26/2016,Clothing,1,324,412,88
2/26/2016,Accessories,1,81,101,20
2/26/2016,Accessories,2,100,122,22
2/26/2016,Clothing,1,73,89,16
2/26/2016,Clothing,2,500,594,94
2/26/2016,Accessories,1,880,"1,062.00",182
2/26/2016,Accessories,2,48,62,14
2/26/2016,Accessories,2,258,382,124
2/26/2016,Accessories,3,76,127,51
2/26/2016,Accessories,1,132,155,23
2/26/2016,Accessories,1,150,170,20
2/26/2016,Accessories,1,"1,210.00","1,314.00",104
2/26/2016,Accessories,1,450,514,64
2/26/2016,Accessories,1,30,39,9
2/26/2016,Bikes,1,540,629,89
2/27/2016,Accessories,3,11,15,4
2/27/2016,Accessories,3,35,40,5
2/27/2016,Accessories,1,945,"1,091.00",146
2/27/2016,Accessories,3,55,69,14
2/27/2016,Clothing,1,63,85,22
2/27/2016,Accessories,2,175,235,60
2/27/2016,Accessories,1,87,96,9
2/27/2016,Accessories,3,980,"1,162.00",182
2/27/2016,Accessories,3,242,321,79
2/27/2016,Accessories,2,"1,265.00","1,427.00",162
2/27/2016,Accessories,3,841,"1,160.00",319
2/27/2016,Accessories,1,85,107,22
2/27/2016,Accessories,3,176,204,28
2/27/2016,Accessories,1,240,296,56
2/27/2016,Bikes,3,"2,295.00","2,267.00",-28
2/27/2016,Accessories,3,516,654,138
2/27/2016,Bikes,1,"2,295.00","2,773.00",478
2/27/2016,Accessories,2,236,292,56
2/27/2016,Accessories,2,44,59,15
2/27/2016,Accessories,2,70,79,9
2/27/2016,Accessories,2,100,128,28
2/27/2016,Accessories,1,135,159,24
2/27/2016,Accessories,2,440,521,81
2/27/2016,Clothing,2,"1,500.00","1,526.00",26
2/28/2016,Accessories,3,72,114,42
2/28/2016,Accessories,3,95,138,43
2/28/2016,Clothing,1,122,167,45
2/28/2016,Accessories,1,48,54,6
2/28/2016,Accessories,3,175,212,37
2/28/2016,Accessories,2,525,653,128
2/28/2016,Accessories,3,120,149,29
2/28/2016,Accessories,1,112,148,36
2/28/2016,Accessories,3,525,671,146
2/28/2016,Accessories,2,210,254,44
2/28/2016,Accessories,3,41,49,8
2/28/2016,Bikes,3,"2,295.00","2,707.00",412
2/28/2016,Accessories,3,70,111,41
2/28/2016,Accessories,2,352,414,62
2/28/2016,Accessories,1,455,550,95
2/28/2016,Accessories,3,20,23,3
2/28/2016,Accessories,3,750,"1,034.00",284
2/28/2016,Accessories,3,37,43,6
2/28/2016,Bikes,2,769,822,53
2/28/2016,Accessories,3,"1,050.00","1,461.00",411
2/28/2016,Bikes,1,540,368,-172
2/28/2016,Bikes,2,"2,295.00","2,697.00",402
2/28/2016,Accessories,3,980,"1,208.00",228
2/28/2016,Bikes,3,"2,320.00","2,980.00",660
2/28/2016,Clothing,1,99,157,58
2/28/2016,Accessories,2,350,494,144
3/1/2016,Accessories,3,60,66,6
3/1/2016,Accessories,2,770,991,221
3/1/2016,Accessories,3,16,23,7
3/1/2016,Accessories,2,"1,210.00","1,512.00",302
3/1/2016,Clothing,3,350,477,127
3/1/2016,Accessories,1,85,136,51
3/1/2016,Accessories,2,630,633,3
3/1/2016,Accessories,3,105,137,32
3/1/2016,Clothing,3,270,334,64
3/1/2016,Accessories,2,20,25,5
3/1/2016,Accessories,3,41,52,11
3/1/2016,Accessories,3,145,180,35
3/1/2016,Accessories,3,560,723,163
3/1/2016,Accessories,2,88,109,21
3/1/2016,Clothing,2,650,849,199
3/1/2016,Clothing,1,648,925,277
3/1/2016,Bikes,2,"2,295.00","2,623.00",328
3/1/2016,Accessories,3,120,156,36
3/1/2016,Accessories,2,7,9,2
3/1/2016,Bikes,2,"2,320.00","2,614.00",294
3/1/2016,Accessories,3,484,625,141
3/1/2016,Clothing,2,207,300,93
3/1/2016,Bikes,3,"2,384.00","2,620.00",236
3/1/2016,Accessories,3,63,82,19
3/1/2016,Accessories,3,20,26,6
3/1/2016,Accessories,2,234,296,62
3/1/2016,Accessories,1,25,30,5
3/1/2016,Accessories,3,87,111,24
3/1/2016,Accessories,3,506,678,172
3/1/2016,Clothing,1,216,259,43
3/1/2016,Clothing,2,200,273,73
3/1/2016,Accessories,1,35,43,8
3/1/2016,Bikes,2,"2,295.00","2,619.00",324
3/1/2016,Clothing,1,540,738,198
3/1/2016,Accessories,2,22,27,5
3/1/2016,Accessories,1,300,465,165
3/1/2016,Accessories,1,125,198,73
3/1/2016,Bikes,3,"2,320.00","2,317.00",-3
3/1/2016,Accessories,1,935,"1,255.00",320
3/1/2016,Accessories,3,490,744,254
3/1/2016,Clothing,3,36,50,14
3/1/2016,Accessories,3,20,26,6
3/1/2016,Bikes,1,"2,295.00","2,414.00",119
3/1/2016,Accessories,2,571,669,98
3/1/2016,Accessories,3,37,44,7
3/1/2016,Accessories,2,5,7,2
3/1/2016,Clothing,3,572,750,178
3/1/2016,Accessories,2,125,149,24
3/1/2016,Accessories,2,659,595,-64
3/1/2016,Bikes,3,"2,295.00","2,431.00",136
3/1/2016,Bikes,3,"2,384.00","2,662.00",278
3/1/2016,Accessories,2,"1,015.00","1,276.00",261
3/1/2016,Accessories,3,308,353,45
3/1/2016,Accessories,1,55,61,6
3/1/2016,Accessories,1,280,323,43
3/1/2016,Bikes,1,540,604,64
3/1/2016,Accessories,2,490,628,138
3/1/2016,Accessories,2,840,"1,027.00",187
3/1/2016,Clothing,3,18,22,4
3/1/2016,Accessories,2,65,83,18
3/1/2016,Accessories,2,84,106,22
3/1/2016,Accessories,3,75,98,23
3/1/2016,Accessories,1,130,151,21
3/1/2016,Accessories,1,81,105,24
3/2/2016,Bikes,3,"1,701.00","1,977.00",276
3/2/2016,Clothing,2,18,26,8
3/2/2016,Accessories,1,600,781,181
3/2/2016,Accessories,1,120,144,24
3/2/2016,Accessories,3,374,460,86
3/2/2016,Accessories,3,88,111,23
3/2/2016,Clothing,1,90,105,15
3/2/2016,Accessories,1,88,110,22
3/2/2016,Accessories,2,110,125,15
3/2/2016,Accessories,2,120,152,32
3/2/2016,Clothing,1,153,184,31
3/2/2016,Clothing,1,243,293,50
3/2/2016,Bikes,1,"2,295.00","2,596.00",301
3/2/2016,Clothing,3,486,616,130
3/2/2016,Accessories,2,56,64,8
3/2/2016,Accessories,1,600,842,242
3/2/2016,Accessories,1,360,447,87
3/2/2016,Accessories,1,60,68,8
3/3/2016,Accessories,2,315,381,66
3/3/2016,Accessories,2,215,280,65
3/3/2016,Accessories,1,40,51,11
3/3/2016,Accessories,2,63,81,18
3/3/2016,Clothing,1,207,263,56
3/3/2016,Accessories,1,700,837,137
3/3/2016,Clothing,2,207,204,-3
3/3/2016,Accessories,3,154,183,29
3/3/2016,Bikes,1,769,752,-17
3/3/2016,Accessories,2,659,934,275
3/3/2016,Clothing,2,122,180,58
3/3/2016,Bikes,2,"1,701.00","2,284.00",583
3/3/2016,Clothing,3,648,833,185
3/3/2016,Accessories,1,40,53,13
3/3/2016,Accessories,2,245,288,43
3/3/2016,Accessories,2,8,10,2
3/4/2016,Accessories,2,480,581,101
3/4/2016,Accessories,3,44,56,12
3/4/2016,Accessories,3,198,244,46
3/4/2016,Accessories,3,40,48,8
3/4/2016,Accessories,2,10,13,3
3/4/2016,Accessories,3,715,892,177
3/4/2016,Accessories,1,715,872,157
3/4/2016,Clothing,2,24,31,7
3/4/2016,Accessories,1,560,799,239
3/4/2016,Accessories,1,105,128,23
3/4/2016,Clothing,1,252,326,74
3/4/2016,Accessories,2,571,657,86
3/4/2016,Accessories,3,490,544,54
3/4/2016,Accessories,1,144,169,25
3/4/2016,Accessories,1,110,137,27
3/4/2016,Accessories,1,105,156,51
3/4/2016,Accessories,3,275,415,140
3/4/2016,Accessories,1,700,"1,160.00",460
3/5/2016,Clothing,2,"1,350.00","1,829.00",479
3/5/2016,Accessories,3,525,674,149
3/5/2016,Accessories,1,490,587,97
3/5/2016,Clothing,3,50,62,12
3/5/2016,Accessories,2,190,267,77
3/5/2016,Accessories,1,130,181,51
3/5/2016,Accessories,1,132,169,37
3/5/2016,Accessories,1,245,296,51
3/5/2016,Accessories,1,110,136,26
3/5/2016,Accessories,1,352,412,60
3/5/2016,Accessories,3,261,370,109
3/5/2016,Accessories,1,105,127,22
3/5/2016,Bikes,2,"2,320.00","2,134.00",-186
3/5/2016,Accessories,3,637,949,312
3/5/2016,Clothing,1,"1,842.00","3,103.00",1261
3/5/2016,Accessories,3,240,307,67
3/5/2016,Accessories,2,130,154,24
3/5/2016,Accessories,2,770,"1,167.00",397
3/5/2016,Accessories,2,"1,045.00","1,258.00",213
3/6/2016,Accessories,3,805,948,143
3/6/2016,Accessories,3,159,192,33
3/6/2016,Clothing,2,150,208,58
3/6/2016,Bikes,3,769,783,14
3/6/2016,Accessories,2,805,"1,182.00",377
3/6/2016,Accessories,1,55,86,31
3/6/2016,Accessories,3,630,689,59
3/6/2016,Accessories,1,700,592,-108
3/6/2016,Accessories,1,159,196,37
3/6/2016,Bikes,2,540,680,140
3/6/2016,Clothing,2,"1,470.00","2,045.00",575
3/6/2016,Clothing,1,560,626,66
3/6/2016,Bikes,2,540,621,81
3/6/2016,Accessories,2,18,23,5
3/6/2016,Accessories,3,130,170,40
3/6/2016,Accessories,1,105,132,27
3/7/2016,Accessories,1,65,86,21
3/7/2016,Accessories,2,88,115,27
3/7/2016,Accessories,1,50,69,19
3/7/2016,Clothing,3,198,221,23
3/7/2016,Clothing,2,350,368,18
3/7/2016,Accessories,3,280,314,34
3/7/2016,Accessories,1,30,38,8
3/7/2016,Accessories,3,40,48,8
3/7/2016,Clothing,3,"1,000.00","1,552.00",552
3/7/2016,Accessories,2,40,32,-8
3/7/2016,Accessories,1,30,35,5
3/7/2016,Accessories,3,"1,015.00","1,162.00",147
3/7/2016,Clothing,3,"1,400.00","1,146.00",-254
3/7/2016,Bikes,3,"2,320.00","2,913.00",593
3/7/2016,Accessories,1,210,306,96
3/7/2016,Accessories,2,105,161,56
3/7/2016,Clothing,3,"1,200.00","1,328.00",128
3/7/2016,Bikes,1,"2,295.00","2,450.00",155
3/7/2016,Accessories,2,70,81,11
3/7/2016,Accessories,2,374,448,74
3/7/2016,Bikes,2,"1,215.00","1,184.00",-31
3/7/2016,Bikes,2,540,596,56
3/7/2016,Clothing,2,550,566,16
3/7/2016,Accessories,1,150,193,43
3/7/2016,Accessories,2,910,"1,092.00",182
3/7/2016,Accessories,1,70,92,22
3/7/2016,Accessories,1,690,854,164
3/7/2016,Accessories,2,132,157,25
3/7/2016,Clothing,1,98,128,30
3/7/2016,Accessories,1,65,78,13
3/7/2016,Accessories,1,57,75,18
3/7/2016,Accessories,1,60,76,16
3/7/2016,Accessories,2,80,104,24
3/8/2016,Clothing,1,826,991,165
3/8/2016,Clothing,1,18,23,5
3/8/2016,Clothing,1,864,"1,078.00",214
3/8/2016,Accessories,2,40,45,5
3/8/2016,Accessories,1,350,448,98
3/8/2016,Bikes,3,565,804,239
3/8/2016,Bikes,2,"2,295.00","2,787.00",492
3/8/2016,Accessories,2,100,152,52
3/8/2016,Accessories,2,25,38,13
3/8/2016,Accessories,2,945,"1,282.00",337
3/8/2016,Accessories,3,120,135,15
3/8/2016,Accessories,2,162,189,27
3/8/2016,Bikes,3,540,555,15
3/8/2016,Accessories,3,270,362,92
3/8/2016,Accessories,1,2,3,1
3/8/2016,Bikes,2,"2,320.00","2,642.00",322
3/8/2016,Accessories,2,198,213,15
3/8/2016,Clothing,1,"1,300.00","1,572.00",272
3/8/2016,Clothing,3,539,735,196
3/8/2016,Bikes,2,540,520,-20
3/9/2016,Accessories,1,637,856,219
3/9/2016,Accessories,3,264,356,92
3/9/2016,Accessories,2,875,"1,054.00",179
3/9/2016,Clothing,1,648,813,165
3/9/2016,Bikes,2,540,559,19
3/9/2016,Accessories,3,387,512,125
3/9/2016,Clothing,2,144,181,37
3/9/2016,Accessories,3,"1,210.00","1,652.00",442
3/9/2016,Accessories,3,659,819,160
3/9/2016,Accessories,3,110,124,14
3/9/2016,Clothing,1,"1,080.00","1,162.00",82
3/9/2016,Bikes,2,769,858,89
3/9/2016,Clothing,3,252,327,75
3/9/2016,Clothing,1,432,616,184
3/9/2016,Clothing,2,270,333,63
3/9/2016,Clothing,1,270,336,66
3/9/2016,Accessories,2,25,34,9
3/9/2016,Accessories,1,4,5,1
3/9/2016,Accessories,3,945,"1,070.00",125
3/9/2016,Clothing,2,702,949,247
3/9/2016,Accessories,2,100,120,20
3/10/2016,Accessories,3,175,237,62
3/10/2016,Accessories,2,25,29,4
3/10/2016,Bikes,2,"2,295.00","2,319.00",24
3/10/2016,Bikes,2,540,599,59
3/10/2016,Accessories,1,473,725,252
3/10/2016,Accessories,2,5,7,2
3/10/2016,Accessories,1,575,717,142
3/10/2016,Accessories,1,25,34,9
3/10/2016,Accessories,1,14,18,4
3/10/2016,Clothing,3,392,530,138
3/10/2016,Accessories,2,418,498,80
3/10/2016,Accessories,1,43,52,9
3/10/2016,Accessories,2,595,741,146
3/10/2016,Accessories,3,125,108,-17
3/10/2016,Accessories,2,910,"1,403.00",493
3/10/2016,Clothing,3,162,151,-11
3/10/2016,Accessories,3,440,527,87
3/10/2016,Accessories,2,625,698,73
3/10/2016,Accessories,2,110,131,21
3/10/2016,Accessories,3,243,326,83
3/10/2016,Accessories,1,167,226,59
3/11/2016,Accessories,3,593,787,194
3/11/2016,Bikes,3,"2,384.00","2,754.00",370
3/11/2016,Accessories,1,35,54,19
3/11/2016,Clothing,1,"1,050.00",826,-224
3/11/2016,Accessories,1,525,715,190
3/11/2016,Accessories,1,528,719,191
3/11/2016,Clothing,1,54,68,14
3/11/2016,Accessories,3,50,67,17
3/11/2016,Accessories,2,230,343,113
3/11/2016,Accessories,3,525,765,240
3/11/2016,Clothing,3,216,278,62
3/11/2016,Accessories,3,220,277,57
3/11/2016,Bikes,1,540,677,137
3/11/2016,Bikes,2,769,892,123
3/11/2016,Bikes,1,"2,295.00","2,677.00",382
3/11/2016,Accessories,2,55,72,17
3/11/2016,Bikes,2,"2,320.00","2,272.00",-48
3/11/2016,Accessories,2,571,729,158
3/11/2016,Clothing,1,"1,960.00","2,387.00",427
3/11/2016,Accessories,2,220,230,10
3/11/2016,Accessories,2,228,252,24
3/11/2016,Accessories,3,24,32,8
3/12/2016,Accessories,2,175,233,58
3/12/2016,Accessories,3,105,125,20
3/12/2016,Accessories,3,140,149,9
3/12/2016,Accessories,1,87,94,7
3/12/2016,Clothing,2,50,70,20
3/12/2016,Bikes,1,"2,320.00","3,071.00",751
3/12/2016,Clothing,3,432,654,222
3/12/2016,Bikes,3,"2,320.00","2,240.00",-80
3/12/2016,Accessories,3,108,139,31
3/12/2016,Bikes,3,"2,295.00","3,061.00",766
3/12/2016,Accessories,2,280,409,129
3/12/2016,Accessories,3,130,209,79
3/12/2016,Accessories,3,770,"1,153.00",383
3/12/2016,Accessories,2,550,731,181
3/12/2016,Accessories,1,50,68,18
3/12/2016,Bikes,1,"2,384.00","2,516.00",132
3/12/2016,Accessories,2,22,26,4
3/12/2016,Clothing,3,"1,450.00","1,760.00",310
3/12/2016,Bikes,2,"1,701.00","2,237.00",536
3/12/2016,Accessories,3,176,214,38
3/12/2016,Bikes,3,"1,120.00","1,068.00",-52
3/12/2016,Clothing,3,514,617,103
3/12/2016,Accessories,3,945,"1,123.00",178
3/12/2016,Bikes,3,"2,320.00","2,340.00",20
3/12/2016,Accessories,2,11,15,4
3/12/2016,Bikes,3,"2,320.00","2,028.00",-292
3/12/2016,Bikes,2,"1,701.00","2,026.00",325
3/13/2016,Accessories,2,116,107,-9
3/13/2016,Clothing,1,200,251,51
3/13/2016,Accessories,3,120,143,23
3/13/2016,Accessories,1,39,50,11
3/13/2016,Bikes,1,"2,295.00","3,005.00",710
3/13/2016,Accessories,1,350,485,135
3/13/2016,Bikes,3,"2,384.00","2,398.00",14
3/13/2016,Accessories,3,609,750,141
3/13/2016,Accessories,3,140,174,34
3/13/2016,Bikes,3,"2,295.00","2,172.00",-123
3/13/2016,Bikes,2,"2,295.00","2,284.00",-11
3/13/2016,Accessories,2,660,584,-76
3/13/2016,Accessories,2,132,180,48
3/13/2016,Clothing,1,135,174,39
3/13/2016,Accessories,3,493,613,120
3/13/2016,Accessories,1,75,105,30
3/13/2016,Accessories,3,66,79,13
3/13/2016,Clothing,3,144,168,24
3/13/2016,Clothing,1,225,302,77
3/13/2016,Accessories,3,48,77,29
3/13/2016,Accessories,2,625,982,357
3/13/2016,Accessories,3,70,111,41
3/13/2016,Accessories,2,48,76,28
3/13/2016,Accessories,1,551,693,142
3/13/2016,Bikes,1,769,829,60
3/13/2016,Bikes,2,"2,320.00","2,228.00",-92
3/13/2016,Accessories,3,60,75,15
3/13/2016,Accessories,2,85,97,12
3/13/2016,Accessories,1,75,93,18
3/13/2016,Accessories,3,225,299,74
3/13/2016,Accessories,1,525,583,58
3/13/2016,Accessories,3,"1,155.00","1,256.00",101
3/14/2016,Accessories,1,189,263,74
3/14/2016,Accessories,2,55,72,17
3/14/2016,Accessories,3,245,232,-13
3/14/2016,Accessories,3,105,116,11
3/14/2016,Accessories,3,70,89,19
3/14/2016,Accessories,1,35,46,11
3/14/2016,Clothing,2,"1,350.00","1,759.00",409
3/14/2016,Accessories,1,308,345,37
3/14/2016,Accessories,2,125,174,49
3/14/2016,Accessories,3,80,100,20
3/14/2016,Bikes,1,540,684,144
3/14/2016,Accessories,1,352,429,77
3/14/2016,Bikes,3,"1,701.00","1,879.00",178
3/15/2016,Accessories,3,659,951,292
3/15/2016,Accessories,1,315,358,43
3/15/2016,Clothing,3,162,191,29
3/15/2016,Accessories,2,480,552,72
3/15/2016,Accessories,1,45,57,12
3/15/2016,Accessories,3,150,190,40
3/15/2016,Accessories,3,650,717,67
3/15/2016,Accessories,3,105,115,10
3/15/2016,Accessories,1,32,37,5
3/15/2016,Accessories,2,68,76,8
3/15/2016,Bikes,2,"1,215.00","1,185.00",-30
3/15/2016,Accessories,1,440,605,165
3/15/2016,Clothing,3,252,356,104
3/15/2016,Bikes,3,"2,295.00","2,272.00",-23
3/15/2016,Bikes,1,769,785,16
3/15/2016,Accessories,3,717,898,181
3/15/2016,Accessories,2,64,73,9
3/15/2016,Clothing,3,840,"1,035.00",195
3/15/2016,Clothing,2,162,186,24
3/15/2016,Bikes,2,540,591,51
3/15/2016,Accessories,2,18,22,4
3/15/2016,Accessories,3,25,29,4
3/15/2016,Bikes,3,"2,384.00","2,479.00",95
3/15/2016,Accessories,3,162,189,27
3/15/2016,Accessories,3,75,101,26
3/15/2016,Accessories,3,154,174,20
3/15/2016,Accessories,1,40,53,13
3/15/2016,Clothing,2,416,477,61
3/15/2016,Accessories,1,637,861,224
3/16/2016,Accessories,2,69,88,19
3/16/2016,Accessories,3,129,158,29
3/16/2016,Accessories,1,25,31,6
3/16/2016,Accessories,2,261,314,53
3/16/2016,Accessories,1,130,146,16
3/16/2016,Clothing,1,800,857,57
3/16/2016,Accessories,1,35,44,9
3/16/2016,Accessories,2,216,279,63
3/16/2016,Clothing,2,81,91,10
3/16/2016,Accessories,2,105,164,59
3/16/2016,Bikes,3,769,788,19
3/16/2016,Accessories,1,30,34,4
3/16/2016,Bikes,3,"2,295.00","2,593.00",298
3/16/2016,Bikes,2,769,"1,033.00",264
3/16/2016,Accessories,2,70,80,10
3/16/2016,Accessories,3,25,29,4
3/16/2016,Bikes,3,"1,120.00","1,109.00",-11
3/16/2016,Bikes,2,742,675,-67
3/17/2016,Accessories,2,27,35,8
3/17/2016,Bikes,2,"2,320.00","2,649.00",329
3/17/2016,Accessories,1,425,503,78
3/17/2016,Accessories,3,53,59,6
3/17/2016,Accessories,2,264,348,84
3/17/2016,Accessories,1,318,415,97
3/17/2016,Accessories,1,175,226,51
3/17/2016,Clothing,1,280,359,79
3/17/2016,Accessories,3,424,583,159
3/17/2016,Accessories,1,68,89,21
3/17/2016,Accessories,2,7,9,2
3/17/2016,Accessories,3,132,177,45
3/18/2016,Accessories,3,115,143,28
3/18/2016,Bikes,2,"2,384.00","3,112.00",728
3/18/2016,Accessories,2,290,361,71
3/18/2016,Bikes,3,"2,320.00","2,310.00",-10
3/18/2016,Accessories,1,308,416,108
3/18/2016,Bikes,3,"1,120.00","1,467.00",347
3/18/2016,Accessories,3,700,930,230
3/18/2016,Accessories,1,308,424,116
3/18/2016,Bikes,3,"1,120.00","1,114.00",-6
3/18/2016,Accessories,3,945,"1,143.00",198
3/18/2016,Bikes,3,742,876,134
3/18/2016,Bikes,2,769,856,87
3/18/2016,Accessories,3,44,41,-3
3/18/2016,Accessories,1,420,633,213
3/18/2016,Clothing,2,36,45,9
3/18/2016,Bikes,1,769,743,-26
3/18/2016,Accessories,2,70,80,10
3/19/2016,Accessories,1,125,174,49
3/19/2016,Clothing,3,24,32,8
3/19/2016,Bikes,1,"2,384.00","2,988.00",604
3/19/2016,Accessories,2,754,"1,178.00",424
3/19/2016,Accessories,2,75,113,38
3/19/2016,Accessories,2,490,583,93
3/19/2016,Accessories,1,135,144,9
3/19/2016,Accessories,1,53,62,9
3/19/2016,Accessories,2,32,42,10
3/19/2016,Bikes,2,"2,384.00","2,354.00",-30
3/19/2016,Clothing,1,243,270,27
3/19/2016,Accessories,2,945,"1,133.00",188
3/19/2016,Bikes,2,"2,384.00","3,007.00",623
3/19/2016,Bikes,2,"2,320.00","2,529.00",209
3/19/2016,Clothing,1,180,222,42
3/19/2016,Accessories,2,35,58,23
3/19/2016,Accessories,3,"1,540.00","2,444.00",904
3/19/2016,Accessories,2,484,516,32
3/19/2016,Bikes,3,769,867,98
3/19/2016,Accessories,1,750,916,166
3/19/2016,Accessories,2,27,34,7
3/19/2016,Bikes,3,540,669,129
3/19/2016,Accessories,3,910,"1,382.00",472
3/19/2016,Accessories,1,198,237,39
3/19/2016,Clothing,3,90,98,8
3/19/2016,Accessories,1,490,688,198
3/19/2016,Accessories,1,571,967,396
3/19/2016,Clothing,1,635,769,134
3/19/2016,Bikes,2,"2,384.00","2,415.00",31
3/19/2016,Accessories,1,350,432,82
3/19/2016,Bikes,3,"2,320.00","2,326.00",6
3/19/2016,Bikes,3,"1,120.00","1,472.00",352
3/19/2016,Accessories,2,805,"1,143.00",338
3/19/2016,Bikes,1,"2,295.00","2,287.00",-8
3/19/2016,Accessories,3,150,178,28
3/19/2016,Accessories,3,20,26,6
3/20/2016,Clothing,3,300,353,53
3/20/2016,Clothing,2,324,377,53
3/20/2016,Accessories,2,76,83,7
3/20/2016,Accessories,1,805,"1,004.00",199
3/20/2016,Accessories,1,35,52,17
3/20/2016,Accessories,2,174,225,51
3/20/2016,Accessories,2,100,131,31
3/20/2016,Accessories,1,225,307,82
3/20/2016,Accessories,2,25,33,8
3/20/2016,Clothing,3,490,638,148
3/20/2016,Accessories,2,418,489,71
3/20/2016,Clothing,1,637,808,171
3/20/2016,Bikes,1,"1,701.00","1,657.00",-44
3/20/2016,Accessories,1,451,482,31
3/20/2016,Accessories,3,60,56,-4
3/20/2016,Accessories,1,35,44,9
3/20/2016,Accessories,2,85,105,20
3/20/2016,Accessories,3,72,87,15
3/20/2016,Bikes,2,"2,320.00","2,379.00",59
3/20/2016,Bikes,3,"1,701.00","1,545.00",-156
3/20/2016,Accessories,1,840,963,123
3/20/2016,Bikes,3,565,661,96
3/20/2016,Accessories,2,22,28,6
3/21/2016,Clothing,1,750,985,235
3/21/2016,Bikes,1,540,527,-13
3/21/2016,Accessories,2,301,387,86
3/21/2016,Accessories,2,44,50,6
3/21/2016,Clothing,1,800,"1,101.00",301
3/21/2016,Accessories,1,25,30,5
3/21/2016,Accessories,2,"1,015.00","1,387.00",372
3/21/2016,Clothing,3,650,773,123
3/21/2016,Accessories,2,945,"1,111.00",166
3/21/2016,Accessories,1,315,404,89
3/21/2016,Accessories,2,117,155,38
3/21/2016,Accessories,3,35,48,13
3/21/2016,Bikes,3,"1,701.00","1,802.00",101
3/21/2016,Accessories,1,840,"1,065.00",225
3/21/2016,Bikes,3,540,653,113
3/21/2016,Bikes,1,"2,295.00","2,769.00",474
3/21/2016,Clothing,1,"1,960.00","2,878.00",918
3/22/2016,Accessories,1,100,113,13
3/22/2016,Accessories,1,140,171,31
3/22/2016,Bikes,2,"2,295.00","2,530.00",235
3/22/2016,Accessories,3,280,342,62
3/22/2016,Accessories,1,30,39,9
3/22/2016,Accessories,1,490,632,142
3/22/2016,Accessories,3,300,388,88
3/22/2016,Accessories,1,15,19,4
3/22/2016,Accessories,2,25,33,8
3/22/2016,Accessories,3,48,73,25
3/22/2016,Accessories,1,359,559,200
3/22/2016,Accessories,2,25,32,7
3/22/2016,Clothing,2,144,204,60
3/22/2016,Accessories,1,506,658,152
3/22/2016,Bikes,2,"1,701.00","2,058.00",357
3/22/2016,Bikes,2,769,777,8
3/22/2016,Clothing,2,500,611,111
3/22/2016,Bikes,2,769,932,163
3/22/2016,Clothing,1,70,70,0
3/22/2016,Accessories,2,88,138,50
3/22/2016,Accessories,1,150,227,77
3/22/2016,Accessories,2,945,"1,384.00",439
3/22/2016,Accessories,2,954,"1,153.00",199
3/22/2016,Accessories,1,580,595,15
3/22/2016,Accessories,3,140,169,29
3/22/2016,Bikes,2,565,490,-75
3/22/2016,Accessories,2,5,6,1
3/22/2016,Accessories,3,245,323,78
3/23/2016,Accessories,2,87,101,14
3/23/2016,Accessories,2,135,163,28
3/23/2016,Bikes,3,540,570,30
3/23/2016,Accessories,3,60,78,18
3/23/2016,Accessories,1,75,96,21
3/23/2016,Accessories,1,120,149,29
3/23/2016,Accessories,2,315,415,100
3/23/2016,Clothing,1,"1,250.00","1,755.00",505
3/23/2016,Bikes,3,769,813,44
3/23/2016,Bikes,2,742,798,56
3/23/2016,Clothing,1,99,108,9
3/23/2016,Accessories,2,615,774,159
3/23/2016,Accessories,1,225,277,52
3/23/2016,Accessories,2,64,77,13
3/23/2016,Accessories,3,770,"1,090.00",320
3/23/2016,Accessories,1,"1,210.00","1,653.00",443
3/23/2016,Bikes,1,540,617,77
3/23/2016,Clothing,2,216,298,82
3/23/2016,Bikes,1,"2,295.00","2,658.00",363
3/23/2016,Accessories,1,40,63,23
3/23/2016,Accessories,3,50,74,24
3/23/2016,Clothing,3,207,264,57
3/23/2016,Accessories,2,"1,015.00","1,261.00",246
3/23/2016,Accessories,3,60,73,13
3/24/2016,Accessories,1,129,152,23
3/24/2016,Clothing,2,162,208,46
3/24/2016,Accessories,2,35,52,17
3/24/2016,Bikes,1,"1,215.00","1,348.00",133
3/24/2016,Accessories,1,45,54,9
3/24/2016,Accessories,3,120,156,36
3/24/2016,Clothing,1,"1,296.00","1,771.00",475
3/24/2016,Accessories,1,720,966,246
3/24/2016,Bikes,2,"2,320.00","2,855.00",535
3/24/2016,Accessories,3,150,183,33
3/24/2016,Bikes,1,540,623,83
3/24/2016,Accessories,3,135,174,39
3/24/2016,Accessories,2,90,107,17
3/24/2016,Accessories,2,400,587,187
3/24/2016,Accessories,1,11,13,2
3/24/2016,Bikes,3,540,640,100
3/25/2016,Clothing,2,650,864,214
3/25/2016,Accessories,1,15,20,5
3/25/2016,Clothing,3,27,33,6
3/25/2016,Accessories,1,140,151,11
3/25/2016,Accessories,3,30,35,5
3/25/2016,Accessories,3,210,282,72
3/25/2016,Clothing,3,27,32,5
3/25/2016,Bikes,2,540,616,76
3/25/2016,Accessories,3,560,698,138
3/25/2016,Accessories,1,659,730,71
3/25/2016,Clothing,2,243,314,71
3/25/2016,Clothing,3,"1,960.00","2,620.00",660
3/25/2016,Clothing,2,269,298,29
3/25/2016,Bikes,2,"2,384.00","2,498.00",114
3/25/2016,Accessories,2,175,213,38
3/25/2016,Accessories,3,75,90,15
3/25/2016,Accessories,3,140,202,62
3/25/2016,Accessories,1,200,273,73
3/25/2016,Accessories,1,34,42,8
3/26/2016,Bikes,1,769,873,104
3/26/2016,Accessories,3,16,20,4
3/26/2016,Accessories,3,120,159,39
3/26/2016,Accessories,1,15,20,5
3/26/2016,Accessories,3,720,867,147
3/26/2016,Bikes,3,"2,295.00","2,671.00",376
3/26/2016,Accessories,1,420,515,95
3/26/2016,Accessories,2,50,57,7
3/26/2016,Accessories,3,11,15,4
3/26/2016,Accessories,1,159,211,52
3/26/2016,Clothing,3,378,449,71
3/26/2016,Accessories,1,506,691,185
3/26/2016,Accessories,1,875,"1,083.00",208
3/26/2016,Accessories,1,506,624,118
3/26/2016,Bikes,3,540,634,94
3/26/2016,Clothing,3,162,203,41
3/26/2016,Bikes,2,565,714,149
3/26/2016,Accessories,2,80,100,20
3/26/2016,Accessories,1,24,30,6
3/26/2016,Accessories,2,600,704,104
3/26/2016,Accessories,3,25,29,4
3/26/2016,Accessories,3,37,43,6
3/26/2016,Accessories,1,875,"1,431.00",556
3/26/2016,Clothing,3,171,273,102
3/26/2016,Bikes,3,"2,384.00","1,716.00",-668
3/26/2016,Accessories,1,90,84,-6
3/26/2016,Accessories,1,171,298,127
3/27/2016,Accessories,1,330,413,83
3/27/2016,Accessories,3,"1,080.00","1,333.00",253
3/27/2016,Accessories,2,96,109,13
3/27/2016,Accessories,3,359,472,113
3/27/2016,Accessories,2,115,148,33
3/27/2016,Accessories,1,60,75,15
3/27/2016,Accessories,3,575,644,69
3/27/2016,Accessories,3,112,143,31
3/27/2016,Accessories,1,62,74,12
3/27/2016,Clothing,2,735,905,170
3/27/2016,Accessories,3,40,55,15
3/27/2016,Accessories,2,7,8,1
3/27/2016,Accessories,2,171,236,65
3/27/2016,Accessories,2,115,158,43
3/27/2016,Accessories,1,570,750,180
3/27/2016,Clothing,1,90,115,25
3/27/2016,Bikes,1,742,738,-4
3/27/2016,Accessories,3,650,765,115
3/27/2016,Accessories,1,55,68,13
3/27/2016,Bikes,1,"2,295.00","2,837.00",542
3/27/2016,Accessories,3,198,306,108
3/27/2016,Clothing,1,750,980,230
3/27/2016,Accessories,2,40,53,13
3/27/2016,Clothing,3,36,50,14
3/27/2016,Clothing,1,126,169,43
3/27/2016,Accessories,1,580,690,110
3/27/2016,Accessories,2,30,42,12
3/27/2016,Bikes,3,769,999,230
3/27/2016,Accessories,2,637,706,69
3/27/2016,Accessories,1,352,395,43
3/27/2016,Accessories,1,418,501,83
3/27/2016,Accessories,3,290,370,80
3/27/2016,Accessories,2,95,115,20
3/27/2016,Accessories,3,16,18,2
3/27/2016,Accessories,2,700,898,198
3/27/2016,Clothing,2,189,242,53
3/27/2016,Accessories,3,420,514,94
3/27/2016,Accessories,3,560,677,117
3/27/2016,Bikes,1,565,789,224
3/27/2016,Accessories,3,140,214,74
3/27/2016,Accessories,2,145,223,78
3/27/2016,Clothing,1,"1,080.00","1,717.00",637
3/28/2016,Clothing,2,686,718,32
3/28/2016,Clothing,3,900,"1,029.00",129
3/28/2016,Accessories,3,70,87,17
3/28/2016,Accessories,2,595,953,358
3/28/2016,Clothing,2,45,55,10
3/28/2016,Accessories,2,105,127,22
3/28/2016,Accessories,2,560,737,177
3/28/2016,Accessories,3,540,683,143
3/28/2016,Accessories,3,40,50,10
3/28/2016,Bikes,3,"2,295.00","2,089.00",-206
3/28/2016,Bikes,3,"1,215.00","1,322.00",107
3/28/2016,Accessories,3,120,156,36
3/28/2016,Accessories,3,117,167,50
3/28/2016,Bikes,1,"2,295.00","1,595.00",-700
3/28/2016,Accessories,2,245,277,32
3/28/2016,Accessories,1,600,593,-7
3/28/2016,Accessories,2,80,94,14
3/28/2016,Accessories,1,875,"1,339.00",464
3/28/2016,Clothing,3,117,164,47
3/28/2016,Accessories,3,85,109,24
3/28/2016,Accessories,2,60,70,10
3/28/2016,Accessories,3,30,45,15
3/28/2016,Accessories,3,46,73,27
3/28/2016,Accessories,2,980,"1,222.00",242
3/28/2016,Clothing,3,850,"1,128.00",278
3/28/2016,Clothing,2,135,194,59
3/28/2016,Accessories,1,385,452,67
3/28/2016,Accessories,2,25,27,2
3/28/2016,Accessories,2,735,897,162
3/28/2016,Bikes,1,"2,443.00","1,893.00",-550
3/28/2016,Accessories,2,70,110,40
3/28/2016,Accessories,1,261,298,37
3/28/2016,Accessories,2,35,43,8
3/28/2016,Accessories,3,15,16,1
3/28/2016,Accessories,3,264,322,58
3/29/2016,Accessories,1,105,129,24
3/29/2016,Accessories,2,105,144,39
3/29/2016,Accessories,2,45,55,10
3/29/2016,Clothing,2,500,627,127
3/29/2016,Clothing,3,73,87,14
3/29/2016,Bikes,2,"2,295.00","2,895.00",600
3/29/2016,Accessories,2,418,496,78
3/29/2016,Bikes,3,742,958,216
3/29/2016,Clothing,2,216,254,38
3/29/2016,Accessories,1,100,133,33
3/29/2016,Accessories,2,60,83,23
3/29/2016,Accessories,1,630,"1,048.00",418
3/29/2016,Bikes,1,540,551,11
3/29/2016,Accessories,3,66,80,14
3/29/2016,Accessories,1,198,239,41
3/29/2016,Accessories,1,105,117,12
3/29/2016,Accessories,2,160,178,18
3/29/2016,Accessories,3,105,127,22
3/29/2016,Accessories,1,140,148,8
3/29/2016,Accessories,2,20,21,1
3/29/2016,Bikes,2,"2,320.00","2,531.00",211
3/29/2016,Accessories,1,"1,015.00","1,265.00",250
3/29/2016,Accessories,3,160,210,50
3/29/2016,Accessories,3,30,38,8
3/29/2016,Accessories,3,725,810,85
3/29/2016,Accessories,1,25,30,5
3/29/2016,Accessories,1,840,"1,168.00",328
3/29/2016,Bikes,2,"2,295.00","3,061.00",766
3/29/2016,Accessories,1,80,126,46
3/29/2016,Accessories,1,45,70,25
3/30/2016,Bikes,1,"1,701.00","2,113.00",412
3/30/2016,Accessories,3,45,64,19
3/30/2016,Accessories,2,144,224,80
3/30/2016,Accessories,3,385,636,251
3/30/2016,Clothing,2,"1,400.00","1,905.00",505
3/30/2016,Accessories,1,848,"1,088.00",240
3/30/2016,Accessories,3,418,514,96
3/30/2016,Clothing,3,343,451,108
3/30/2016,Accessories,3,"1,650.00","2,254.00",604
3/30/2016,Accessories,2,10,12,2
3/30/2016,Accessories,2,15,18,3
3/30/2016,Accessories,1,490,628,138
3/30/2016,Accessories,1,286,348,62
3/30/2016,Accessories,3,50,62,12
3/30/2016,Accessories,1,70,89,19
3/30/2016,Accessories,1,88,104,16
3/30/2016,Accessories,2,130,171,41
3/30/2016,Accessories,1,300,428,128
3/30/2016,Accessories,1,55,72,17
3/30/2016,Bikes,1,"2,320.00","2,412.00",92
3/30/2016,Accessories,1,10,12,2
3/30/2016,Accessories,2,20,24,4
3/31/2016,Accessories,2,"1,320.00","1,734.00",414
3/31/2016,Bikes,3,"2,443.00","2,838.00",395
3/31/2016,Bikes,3,"2,320.00","2,830.00",510
3/31/2016,Accessories,1,665,821,156
3/31/2016,Accessories,3,805,"1,080.00",275
3/31/2016,Accessories,3,70,94,24
3/31/2016,Accessories,1,9,11,2
3/31/2016,Bikes,2,"2,295.00","2,449.00",154
3/31/2016,Accessories,2,20,25,5
3/31/2016,Accessories,1,420,568,148
3/31/2016,Accessories,1,615,782,167
3/31/2016,Bikes,2,769,844,75
3/31/2016,Accessories,2,280,348,68
3/31/2016,Accessories,1,110,133,23
3/31/2016,Accessories,2,180,216,36
3/31/2016,Bikes,3,"2,320.00","2,228.00",-92
3/31/2016,Accessories,2,571,672,101
3/31/2016,Bikes,2,"1,120.00","1,042.00",-78
3/31/2016,Accessories,1,735,847,112
3/31/2016,Accessories,3,110,140,30
3/31/2016,Accessories,2,350,440,90
3/31/2016,Clothing,1,18,21,3
3/31/2016,Accessories,2,20,23,3
3/31/2016,Accessories,2,780,"1,027.00",247
3/31/2016,Accessories,3,174,229,55
3/31/2016,Accessories,3,95,109,14
3/31/2016,Accessories,2,140,172,32
3/31/2016,Accessories,2,140,177,37
3/31/2016,Clothing,3,270,318,48
3/31/2016,Clothing,3,"1,540.00","1,739.00",199
3/31/2016,Accessories,2,462,598,136
3/31/2016,Bikes,1,"2,384.00","2,510.00",126
4/1/2016,Bikes,3,"2,295.00","2,407.00",112
4/1/2016,Accessories,1,980,"1,387.00",407
4/1/2016,Accessories,3,103,130,27
4/1/2016,Accessories,3,25,29,4
4/1/2016,Accessories,2,270,374,104
4/1/2016,Accessories,1,10,17,7
4/1/2016,Clothing,1,"1,350.00","1,789.00",439
4/1/2016,Clothing,3,800,"1,338.00",538
4/1/2016,Accessories,3,55,70,15
4/1/2016,Bikes,2,"1,701.00","1,716.00",15
4/1/2016,Accessories,1,225,316,91
4/1/2016,Accessories,2,18,25,7
4/1/2016,Bikes,3,"1,120.00","1,260.00",140
4/1/2016,Clothing,1,162,265,103
4/1/2016,Accessories,3,396,479,83
4/1/2016,Accessories,3,280,324,44
4/1/2016,Accessories,3,571,822,251
4/1/2016,Accessories,2,87,130,43
4/1/2016,Bikes,3,"2,384.00","2,721.00",337
4/1/2016,Accessories,3,385,480,95
4/1/2016,Accessories,2,408,509,101
4/1/2016,Accessories,1,84,116,32
4/1/2016,Accessories,3,9,11,2
4/1/2016,Accessories,2,230,292,62
4/1/2016,Accessories,2,50,63,13
4/1/2016,Bikes,1,565,650,85
4/1/2016,Accessories,1,140,174,34
4/1/2016,Accessories,2,135,156,21
4/1/2016,Accessories,3,145,177,32
4/1/2016,Accessories,1,315,392,77
4/2/2016,Accessories,1,425,508,83
4/2/2016,Accessories,1,44,54,10
4/2/2016,Bikes,1,"2,384.00","3,455.00",1071
4/2/2016,Accessories,3,145,231,86
4/2/2016,Accessories,1,27,39,12
4/2/2016,Accessories,3,30,35,5
4/2/2016,Accessories,3,57,70,13
4/2/2016,Bikes,3,"1,215.00","1,198.00",-17
4/2/2016,Accessories,1,87,112,25
4/2/2016,Clothing,2,"1,200.00","1,469.00",269
4/2/2016,Accessories,2,167,197,30
4/2/2016,Bikes,1,540,625,85
4/2/2016,Accessories,2,609,709,100
4/2/2016,Accessories,1,60,79,19
4/2/2016,Accessories,3,11,16,5
4/2/2016,Bikes,1,540,527,-13
4/2/2016,Clothing,1,54,72,18
4/2/2016,Accessories,3,115,128,13
4/2/2016,Accessories,1,60,72,12
4/2/2016,Accessories,3,225,304,79
4/2/2016,Accessories,3,95,124,29
4/2/2016,Accessories,1,665,744,79
4/2/2016,Bikes,2,540,754,214
4/2/2016,Accessories,2,140,225,85
4/2/2016,Clothing,2,189,273,84
4/2/2016,Accessories,3,120,145,25
4/2/2016,Accessories,1,319,375,56
4/3/2016,Accessories,2,175,234,59
4/3/2016,Clothing,1,250,365,115
4/3/2016,Clothing,3,318,389,71
4/3/2016,Clothing,3,"1,300.00","2,040.00",740
4/3/2016,Accessories,3,85,107,22
4/3/2016,Accessories,1,252,343,91
4/3/2016,Clothing,1,99,116,17
4/3/2016,Accessories,1,615,758,143
4/3/2016,Bikes,1,769,"1,044.00",275
4/3/2016,Accessories,1,30,45,15
4/3/2016,Accessories,1,15,21,6
4/3/2016,Accessories,3,145,160,15
4/3/2016,Clothing,1,686,794,108
4/3/2016,Bikes,3,540,609,69
4/3/2016,Clothing,1,"1,400.00","1,589.00",189
4/3/2016,Bikes,1,769,956,187
4/3/2016,Accessories,2,522,789,267
4/3/2016,Accessories,1,5,8,3
4/3/2016,Accessories,2,34,55,21
4/3/2016,Clothing,1,27,32,5
4/3/2016,Accessories,2,260,309,49
4/3/2016,Accessories,3,95,116,21
4/3/2016,Accessories,2,420,533,113
4/3/2016,Clothing,3,540,555,15
4/4/2016,Bikes,1,769,815,46
4/4/2016,Clothing,3,"1,200.00","1,637.00",437
4/4/2016,Bikes,1,"2,295.00","2,510.00",215
4/4/2016,Accessories,2,48,72,24
4/4/2016,Bikes,2,769,"1,010.00",241
4/4/2016,Clothing,2,100,121,21
4/4/2016,Clothing,1,98,113,15
4/4/2016,Bikes,1,742,965,223
4/4/2016,Accessories,1,374,469,95
4/4/2016,Clothing,1,756,"1,068.00",312
4/4/2016,Clothing,1,207,286,79
4/4/2016,Accessories,1,120,148,28
4/4/2016,Accessories,1,390,486,96
4/4/2016,Accessories,2,48,59,11
4/4/2016,Bikes,2,540,548,8
4/4/2016,Accessories,2,107,177,70
4/4/2016,Accessories,1,50,88,38
4/4/2016,Accessories,2,135,172,37
4/4/2016,Accessories,2,602,822,220
4/4/2016,Accessories,2,"1,050.00","1,262.00",212
4/4/2016,Accessories,2,"1,430.00","1,817.00",387
4/4/2016,Accessories,1,135,206,71
4/4/2016,Clothing,2,378,543,165
4/4/2016,Accessories,1,66,76,10
4/4/2016,Clothing,1,135,174,39
4/4/2016,Accessories,2,750,996,246
4/4/2016,Accessories,3,15,20,5
4/5/2016,Clothing,2,"1,300.00","1,664.00",364
4/5/2016,Accessories,2,100,111,11
4/5/2016,Accessories,1,319,431,112
4/5/2016,Accessories,2,420,546,126
4/5/2016,Accessories,1,60,75,15
4/5/2016,Clothing,2,72,99,27
4/5/2016,Accessories,1,236,302,66
4/5/2016,Accessories,3,60,87,27
4/5/2016,Accessories,2,200,277,77
4/5/2016,Accessories,2,44,60,16
4/5/2016,Bikes,1,"2,384.00","2,644.00",260
4/5/2016,Accessories,1,144,181,37
4/5/2016,Accessories,1,40,55,15
4/5/2016,Accessories,3,525,682,157
4/5/2016,Accessories,3,140,151,11
4/5/2016,Accessories,2,270,459,189
4/5/2016,Clothing,2,216,252,36
4/5/2016,Accessories,3,60,88,28
4/5/2016,Bikes,2,540,599,59
4/5/2016,Clothing,2,588,618,30
4/6/2016,Accessories,3,245,397,152
4/6/2016,Clothing,2,"1,458.00","1,834.00",376
4/6/2016,Accessories,1,140,170,30
4/6/2016,Accessories,1,120,152,32
4/6/2016,Accessories,1,490,670,180
4/6/2016,Accessories,2,2,3,1
4/6/2016,Accessories,2,954,"1,209.00",255
4/6/2016,Accessories,3,675,841,166
4/6/2016,Accessories,1,64,77,13
4/6/2016,Accessories,2,322,361,39
4/6/2016,Accessories,1,4,5,1
4/6/2016,Accessories,2,39,48,9
4/6/2016,Clothing,3,153,233,80
4/6/2016,Accessories,3,66,75,9
4/6/2016,Bikes,3,"2,320.00","2,390.00",70
4/6/2016,Accessories,3,615,849,234
4/6/2016,Accessories,2,190,257,67
4/6/2016,Accessories,2,105,130,25
4/6/2016,Accessories,3,220,270,50
4/6/2016,Accessories,1,615,804,189
4/6/2016,Accessories,1,130,179,49
4/6/2016,Accessories,1,207,265,58
4/6/2016,Accessories,3,210,241,31
4/6/2016,Accessories,3,140,180,40
4/6/2016,Bikes,2,"1,701.00","1,673.00",-28
4/6/2016,Accessories,1,225,323,98
4/6/2016,Accessories,2,80,121,41
4/6/2016,Bikes,1,"2,295.00","2,311.00",16
4/6/2016,Accessories,2,110,146,36
4/6/2016,Accessories,3,55,64,9
4/6/2016,Bikes,2,"2,320.00","2,314.00",-6
4/6/2016,Accessories,3,875,"1,141.00",266
4/6/2016,Accessories,3,175,218,43
4/7/2016,Bikes,2,"1,701.00","1,865.00",164
4/7/2016,Accessories,2,420,504,84
4/7/2016,Accessories,2,261,359,98
4/7/2016,Accessories,3,110,151,41
4/7/2016,Accessories,1,70,77,7
4/7/2016,Accessories,2,27,31,4
4/7/2016,Clothing,3,"1,300.00","1,556.00",256
4/7/2016,Accessories,1,95,110,15
4/7/2016,Accessories,2,150,184,34
4/7/2016,Accessories,2,150,183,33
4/7/2016,Clothing,2,54,66,12
4/7/2016,Accessories,1,300,455,155
4/7/2016,Accessories,2,40,59,19
4/7/2016,Clothing,2,661,680,19
4/7/2016,Accessories,2,725,925,200
4/7/2016,Accessories,2,40,51,11
4/7/2016,Clothing,2,162,173,11
4/7/2016,Bikes,2,"2,295.00","2,440.00",145
4/7/2016,Accessories,3,396,475,79
4/7/2016,Accessories,1,"1,015.00","1,228.00",213
4/7/2016,Accessories,3,264,313,49
4/7/2016,Bikes,1,"2,295.00","2,222.00",-73
4/7/2016,Accessories,2,132,177,45
4/7/2016,Clothing,3,400,475,75
4/7/2016,Accessories,3,80,95,15
4/7/2016,Accessories,1,240,313,73
4/7/2016,Bikes,3,769,761,-8
4/7/2016,Bikes,1,"1,215.00","1,140.00",-75
4/7/2016,Bikes,3,"2,320.00","2,723.00",403
4/7/2016,Accessories,1,280,412,132
4/7/2016,Accessories,3,105,136,31
4/7/2016,Accessories,2,25,33,8
4/7/2016,Bikes,1,"2,295.00","2,613.00",318
4/8/2016,Accessories,1,66,78,12
4/8/2016,Accessories,1,232,275,43
4/8/2016,Accessories,2,359,464,105
4/8/2016,Accessories,2,62,76,14
4/8/2016,Clothing,2,216,257,41
4/8/2016,Accessories,1,350,416,66
4/8/2016,Bikes,2,"2,320.00","2,916.00",596
4/8/2016,Clothing,2,972,"1,305.00",333
4/8/2016,Accessories,3,70,91,21
4/8/2016,Accessories,1,25,35,10
4/8/2016,Accessories,2,40,59,19
4/8/2016,Accessories,3,489,655,166
4/8/2016,Accessories,2,490,430,-60
4/8/2016,Clothing,2,50,69,19
4/8/2016,Accessories,2,396,461,65
4/8/2016,Accessories,1,880,"1,074.00",194
4/8/2016,Accessories,3,48,64,16
4/8/2016,Clothing,3,"1,080.00","1,123.00",43
4/8/2016,Accessories,2,484,667,183
4/8/2016,Accessories,3,425,491,66
4/8/2016,Accessories,2,70,84,14
4/8/2016,Accessories,1,"1,015.00","1,312.00",297
4/8/2016,Clothing,3,"1,566.00","1,691.00",125
4/8/2016,Accessories,1,174,200,26
4/8/2016,Accessories,2,80,93,13
4/8/2016,Accessories,2,39,54,15
4/8/2016,Clothing,2,750,937,187
4/9/2016,Accessories,3,88,113,25
4/9/2016,Bikes,3,"2,384.00","3,126.00",742
4/9/2016,Bikes,1,"2,320.00","3,263.00",943
4/9/2016,Bikes,3,"2,295.00","2,428.00",133
4/9/2016,Accessories,2,105,131,26
4/9/2016,Accessories,2,270,397,127
4/9/2016,Accessories,3,120,188,68
4/9/2016,Accessories,1,735,"1,017.00",282
4/9/2016,Bikes,1,"2,295.00","2,453.00",158
4/9/2016,Accessories,3,462,537,75
4/9/2016,Accessories,3,261,396,135
4/9/2016,Accessories,1,75,121,46
4/9/2016,Bikes,2,"2,320.00","2,260.00",-60
4/9/2016,Accessories,2,516,663,147
4/9/2016,Accessories,2,198,265,67
4/9/2016,Bikes,2,"2,384.00","2,253.00",-131
4/9/2016,Accessories,2,117,158,41
4/9/2016,Accessories,3,135,221,86
4/9/2016,Clothing,2,99,157,58
4/9/2016,Clothing,3,702,919,217
4/10/2016,Bikes,3,540,606,66
4/10/2016,Bikes,1,"2,384.00","2,308.00",-76
4/10/2016,Accessories,3,40,48,8
4/10/2016,Accessories,3,5,6,1
4/10/2016,Accessories,2,200,230,30
4/10/2016,Accessories,3,14,19,5
4/10/2016,Accessories,2,140,227,87
4/10/2016,Bikes,3,742,767,25
4/10/2016,Accessories,3,264,335,71
4/10/2016,Accessories,2,495,606,111
4/10/2016,Bikes,3,"1,120.00","1,219.00",99
4/10/2016,Clothing,1,"1,000.00","1,575.00",575
4/10/2016,Accessories,3,5,6,1
4/10/2016,Bikes,2,"2,295.00","2,559.00",264
4/10/2016,Clothing,2,108,135,27
4/10/2016,Accessories,2,840,"1,159.00",319
4/10/2016,Bikes,2,"1,120.00","1,466.00",346
4/10/2016,Accessories,2,115,161,46
4/10/2016,Accessories,2,90,136,46
4/10/2016,Accessories,2,390,531,141
4/10/2016,Accessories,3,10,12,2
4/10/2016,Accessories,1,630,712,82
4/11/2016,Accessories,2,36,48,12
4/11/2016,Accessories,2,64,82,18
4/11/2016,Accessories,1,870,"1,221.00",351
4/11/2016,Accessories,1,80,97,17
4/11/2016,Accessories,2,70,75,5
4/11/2016,Bikes,2,"1,701.00","1,666.00",-35
4/11/2016,Accessories,2,245,288,43
4/11/2016,Accessories,1,"1,045.00","1,092.00",47
4/11/2016,Accessories,2,462,492,30
4/11/2016,Accessories,2,130,170,40
4/11/2016,Clothing,3,108,150,42
4/11/2016,Bikes,2,"2,384.00","2,752.00",368
4/11/2016,Clothing,3,216,300,84
4/11/2016,Accessories,1,665,743,78
4/11/2016,Clothing,1,612,708,96
4/11/2016,Accessories,2,795,"1,197.00",402
4/11/2016,Accessories,3,95,117,22
4/11/2016,Accessories,1,480,596,116
4/11/2016,Accessories,3,315,389,74
4/11/2016,Clothing,3,378,520,142
4/11/2016,Bikes,1,769,808,39
4/11/2016,Accessories,3,105,141,36
4/11/2016,Accessories,1,35,43,8
4/12/2016,Clothing,1,350,443,93
4/12/2016,Clothing,1,"1,200.00","1,310.00",110
4/12/2016,Bikes,3,"2,320.00","2,729.00",409
4/12/2016,Accessories,1,130,197,67
4/12/2016,Accessories,1,100,163,63
4/12/2016,Accessories,3,22,26,4
4/12/2016,Bikes,1,"2,320.00","2,311.00",-9
4/12/2016,Accessories,2,490,593,103
4/12/2016,Accessories,1,493,574,81
4/12/2016,Accessories,3,95,124,29
4/12/2016,Accessories,1,"1,015.00","1,320.00",305
4/12/2016,Accessories,1,24,27,3
4/12/2016,Accessories,1,623,746,123
4/12/2016,Bikes,2,"2,320.00","2,924.00",604
4/12/2016,Accessories,2,120,138,18
4/12/2016,Accessories,2,175,218,43
4/12/2016,Accessories,1,66,83,17
4/12/2016,Bikes,2,"2,295.00","2,231.00",-64
4/13/2016,Accessories,2,50,62,12
4/13/2016,Accessories,3,23,25,2
4/13/2016,Bikes,3,"2,384.00","2,844.00",460
4/13/2016,Clothing,3,162,229,67
4/13/2016,Clothing,1,27,35,8
4/13/2016,Accessories,3,350,435,85
4/13/2016,Accessories,1,5,6,1
4/13/2016,Accessories,1,120,151,31
4/13/2016,Accessories,2,32,37,5
4/13/2016,Accessories,3,375,407,32
4/13/2016,Accessories,2,7,9,2
4/13/2016,Bikes,2,"2,295.00","2,430.00",135
4/13/2016,Clothing,3,"1,100.00","1,235.00",135
4/13/2016,Bikes,2,"2,295.00","2,839.00",544
4/13/2016,Clothing,3,72,80,8
4/13/2016,Accessories,1,770,932,162
4/13/2016,Accessories,3,462,592,130
4/13/2016,Accessories,2,145,201,56
4/13/2016,Bikes,3,540,589,49
4/13/2016,Accessories,3,665,751,86
4/13/2016,Accessories,1,210,244,34
4/13/2016,Accessories,3,70,81,11
4/13/2016,Bikes,2,540,533,-7
4/13/2016,Clothing,2,225,313,88
4/13/2016,Bikes,1,565,676,111
4/13/2016,Bikes,2,742,809,67
4/13/2016,Accessories,3,665,760,95
4/13/2016,Bikes,2,742,810,68
4/13/2016,Accessories,3,210,292,82
4/14/2016,Accessories,3,319,397,78
4/14/2016,Bikes,1,"2,320.00","2,308.00",-12
4/14/2016,Accessories,2,140,181,41
4/14/2016,Accessories,3,725,903,178
4/14/2016,Accessories,1,40,49,9
4/14/2016,Accessories,1,100,122,22
4/14/2016,Accessories,1,210,266,56
4/14/2016,Accessories,3,315,366,51
4/14/2016,Accessories,1,245,300,55
4/14/2016,Accessories,3,127,152,25
4/14/2016,Accessories,1,396,531,135
4/14/2016,Accessories,3,528,681,153
4/14/2016,Accessories,1,700,832,132
4/14/2016,Bikes,1,769,751,-18
4/14/2016,Bikes,2,540,601,61
4/14/2016,Accessories,2,455,560,105
4/14/2016,Accessories,3,330,400,70
4/14/2016,Clothing,2,539,583,44
4/14/2016,Accessories,2,"1,015.00","1,219.00",204
4/14/2016,Accessories,1,76,70,-6
4/14/2016,Accessories,2,75,77,2
4/14/2016,Accessories,2,50,58,8
4/15/2016,Accessories,2,385,498,113
4/15/2016,Bikes,1,769,"1,006.00",237
4/15/2016,Clothing,2,"1,842.00","2,450.00",608
4/15/2016,Bikes,1,"2,295.00","2,381.00",86
4/15/2016,Accessories,1,462,591,129
4/15/2016,Accessories,3,425,565,140
4/15/2016,Accessories,3,70,95,25
4/15/2016,Accessories,2,39,48,9
4/15/2016,Bikes,1,"2,295.00","2,262.00",-33
4/15/2016,Accessories,3,130,208,78
4/15/2016,Accessories,3,100,127,27
4/15/2016,Accessories,1,551,738,187
4/15/2016,Accessories,3,130,157,27
4/15/2016,Clothing,3,637,751,114
4/15/2016,Accessories,3,45,65,20
4/15/2016,Accessories,3,39,56,17
4/15/2016,Accessories,2,143,201,58
4/15/2016,Clothing,3,171,198,27
4/15/2016,Accessories,3,10,12,2
4/15/2016,Accessories,2,5,6,1
4/15/2016,Accessories,1,140,178,38
4/15/2016,Bikes,2,540,584,44
4/15/2016,Accessories,2,66,87,21
4/15/2016,Accessories,3,35,46,11
4/15/2016,Accessories,1,125,155,30
4/15/2016,Accessories,3,120,197,77
4/15/2016,Accessories,3,350,537,187
4/15/2016,Clothing,2,750,"1,171.00",421
4/15/2016,Accessories,2,22,31,9
4/15/2016,Accessories,2,455,566,111
4/15/2016,Bikes,3,"2,295.00","2,340.00",45
4/15/2016,Accessories,3,"1,050.00","1,317.00",267
4/15/2016,Accessories,2,550,672,122
4/15/2016,Accessories,2,120,175,55
4/15/2016,Accessories,1,60,88,28
4/15/2016,Accessories,2,264,332,68
4/15/2016,Accessories,1,35,43,8
4/15/2016,Accessories,1,286,343,57
4/15/2016,Accessories,1,85,109,24
4/15/2016,Bikes,1,"2,295.00","2,111.00",-184
4/15/2016,Accessories,3,455,561,106
4/15/2016,Bikes,1,565,536,-29
4/15/2016,Accessories,3,440,418,-22
4/15/2016,Accessories,1,270,383,113
4/15/2016,Accessories,1,115,143,28
4/15/2016,Clothing,2,"1,080.00","1,175.00",95
4/15/2016,Accessories,3,66,80,14
4/15/2016,Bikes,3,540,649,109
4/16/2016,Clothing,1,207,265,58
4/16/2016,Accessories,2,420,513,93
4/16/2016,Bikes,3,"1,701.00","1,768.00",67
4/16/2016,Clothing,1,"1,134.00","1,361.00",227
4/16/2016,Accessories,2,910,"1,360.00",450
4/16/2016,Accessories,1,70,91,21
4/16/2016,Accessories,1,105,124,19
4/16/2016,Accessories,3,264,327,63
4/16/2016,Accessories,1,"1,015.00","1,205.00",190
4/16/2016,Bikes,1,769,827,58
4/16/2016,Accessories,3,570,697,127
4/16/2016,Bikes,3,769,840,71
4/16/2016,Accessories,3,420,494,74
4/16/2016,Bikes,3,540,681,141
4/16/2016,Bikes,1,540,564,24
4/16/2016,Accessories,1,220,241,21
4/16/2016,Accessories,2,140,168,28
4/16/2016,Accessories,3,"1,050.00","1,344.00",294
4/16/2016,Clothing,1,"1,120.00","1,410.00",290
4/16/2016,Bikes,1,540,539,-1
4/17/2016,Accessories,2,104,120,16
4/17/2016,Accessories,1,60,68,8
4/17/2016,Clothing,1,"1,404.00","1,661.00",257
4/17/2016,Accessories,2,100,119,19
4/17/2016,Accessories,2,595,789,194
4/17/2016,Accessories,1,602,747,145
4/17/2016,Clothing,3,"1,200.00","2,052.00",852
4/17/2016,Accessories,2,88,104,16
4/17/2016,Clothing,3,735,801,66
4/17/2016,Accessories,1,110,168,58
4/17/2016,Accessories,2,550,842,292
4/17/2016,Accessories,3,665,987,322
4/17/2016,Accessories,3,720,906,186
4/17/2016,Accessories,2,22,26,4
4/17/2016,Clothing,3,216,261,45
4/17/2016,Bikes,1,540,711,171
4/17/2016,Accessories,3,99,145,46
4/17/2016,Accessories,3,65,107,42
4/17/2016,Clothing,1,588,769,181
4/17/2016,Bikes,2,540,671,131
4/17/2016,Accessories,1,198,274,76
4/17/2016,Accessories,2,55,83,28
4/17/2016,Accessories,3,245,361,116
4/17/2016,Accessories,1,70,88,18
4/17/2016,Accessories,3,105,146,41
4/17/2016,Accessories,1,176,209,33
4/17/2016,Clothing,2,27,41,14
4/17/2016,Accessories,3,593,844,251
4/17/2016,Clothing,3,635,970,335
4/17/2016,Bikes,1,540,663,123
4/17/2016,Accessories,1,350,493,143
4/18/2016,Accessories,2,80,95,15
4/18/2016,Accessories,3,870,"1,020.00",150
4/18/2016,Accessories,1,420,456,36
4/18/2016,Accessories,1,717,892,175
4/18/2016,Accessories,3,16,20,4
4/18/2016,Accessories,3,980,"1,196.00",216
4/18/2016,Accessories,3,80,106,26
4/18/2016,Accessories,1,23,25,2
4/18/2016,Bikes,3,"2,384.00","2,527.00",143
4/18/2016,Accessories,2,35,48,13
4/18/2016,Accessories,3,196,246,50
4/18/2016,Accessories,2,8,11,3
4/18/2016,Clothing,2,"1,300.00","1,539.00",239
4/18/2016,Clothing,1,700,864,164
4/18/2016,Clothing,1,"1,250.00","1,321.00",71
4/18/2016,Accessories,3,630,777,147
4/18/2016,Accessories,1,550,702,152
4/18/2016,Clothing,2,18,23,5
4/18/2016,Bikes,3,"2,320.00","2,292.00",-28
4/18/2016,Accessories,3,64,81,17
4/18/2016,Accessories,2,330,427,97
4/18/2016,Accessories,2,55,74,19
4/18/2016,Clothing,1,650,790,140
4/18/2016,Bikes,3,"2,295.00","2,625.00",330
4/18/2016,Accessories,2,130,167,37
4/18/2016,Accessories,3,200,262,62
4/18/2016,Accessories,3,350,444,94
4/18/2016,Accessories,1,25,34,9
4/18/2016,Accessories,3,104,133,29
4/18/2016,Accessories,1,46,58,12
4/18/2016,Bikes,2,"1,215.00","1,272.00",57
4/18/2016,Accessories,2,242,282,40
4/18/2016,Bikes,1,"2,384.00","3,163.00",779
4/18/2016,Accessories,3,27,32,5
4/18/2016,Accessories,2,40,34,-6
4/18/2016,Clothing,2,98,93,-5
4/19/2016,Bikes,1,"1,120.00","1,218.00",98
4/19/2016,Accessories,1,105,146,41
4/19/2016,Accessories,3,70,79,9
4/19/2016,Accessories,1,450,610,160
4/19/2016,Accessories,1,16,20,4
4/19/2016,Clothing,1,900,"1,089.00",189
4/19/2016,Bikes,3,"2,384.00","2,622.00",238
4/19/2016,Accessories,2,135,139,4
4/19/2016,Accessories,1,140,131,-9
4/19/2016,Bikes,1,"2,384.00","2,941.00",557
4/19/2016,Accessories,2,110,127,17
4/19/2016,Accessories,2,783,876,93
4/19/2016,Accessories,3,420,391,-29
4/19/2016,Accessories,1,506,684,178
4/19/2016,Accessories,2,60,67,7
4/19/2016,Accessories,3,5,6,1
4/19/2016,Clothing,3,572,830,258
4/19/2016,Accessories,2,352,498,146
4/19/2016,Accessories,2,198,244,46
4/19/2016,Accessories,2,242,295,53
4/19/2016,Accessories,3,20,25,5
4/19/2016,Accessories,1,250,307,57
4/19/2016,Accessories,2,50,69,19
4/19/2016,Accessories,3,44,56,12
4/19/2016,Bikes,3,"2,320.00","3,121.00",801
4/19/2016,Accessories,1,495,615,120
4/19/2016,Bikes,1,540,656,116
4/19/2016,Accessories,3,207,250,43
4/19/2016,Accessories,1,130,156,26
4/19/2016,Accessories,3,132,145,13
4/19/2016,Accessories,3,935,"1,188.00",253
4/19/2016,Accessories,2,86,113,27
4/19/2016,Accessories,2,57,69,12
4/19/2016,Bikes,1,"1,215.00","1,279.00",64
4/19/2016,Accessories,3,945,"1,165.00",220
4/19/2016,Accessories,2,700,959,259
4/19/2016,Accessories,1,68,97,29
4/19/2016,Accessories,2,525,803,278
4/20/2016,Accessories,1,20,28,8
4/20/2016,Accessories,3,978,"1,252.00",274
4/20/2016,Accessories,3,630,919,289
4/20/2016,Accessories,2,385,502,117
4/20/2016,Clothing,1,"1,050.00","1,499.00",449
4/20/2016,Clothing,3,36,45,9
4/20/2016,Accessories,3,154,204,50
4/20/2016,Accessories,3,352,378,26
4/20/2016,Bikes,1,565,671,106
4/20/2016,Bikes,3,769,843,74
4/20/2016,Accessories,1,455,535,80
4/20/2016,Clothing,1,637,839,202
4/20/2016,Accessories,2,64,83,19
4/20/2016,Accessories,3,480,587,107
4/20/2016,Accessories,2,46,64,18
4/20/2016,Bikes,2,769,909,140
4/20/2016,Accessories,3,25,31,6
4/20/2016,Accessories,1,180,292,112
4/20/2016,Accessories,3,420,707,287
4/20/2016,Clothing,3,700,888,188
4/20/2016,Accessories,2,108,126,18
4/20/2016,Accessories,1,193,216,23
4/20/2016,Accessories,1,25,28,3
4/20/2016,Clothing,1,269,375,106
4/21/2016,Clothing,3,189,235,46
4/21/2016,Accessories,2,60,71,11
4/21/2016,Accessories,2,88,105,17
4/21/2016,Accessories,2,322,424,102
4/21/2016,Accessories,1,145,214,69
4/21/2016,Accessories,3,980,901,-79
4/21/2016,Clothing,2,144,155,11
4/21/2016,Accessories,1,365,442,77
4/21/2016,Accessories,2,690,764,74
4/21/2016,Accessories,3,69,85,16
4/21/2016,Accessories,2,90,121,31
4/21/2016,Accessories,2,115,139,24
4/21/2016,Clothing,3,54,62,8
4/21/2016,Accessories,2,70,92,22
4/21/2016,Accessories,1,70,86,16
4/21/2016,Accessories,2,100,124,24
4/21/2016,Bikes,2,565,610,45
4/21/2016,Accessories,2,525,698,173
4/21/2016,Accessories,1,980,"1,179.00",199
4/22/2016,Bikes,3,"2,384.00","2,794.00",410
4/22/2016,Clothing,1,162,239,77
4/22/2016,Bikes,1,"2,384.00","3,161.00",777
4/22/2016,Bikes,3,"2,384.00","3,345.00",961
4/22/2016,Accessories,3,15,19,4
4/22/2016,Accessories,3,770,919,149
4/22/2016,Clothing,2,465,657,192
4/22/2016,Clothing,3,"1,207.00","1,464.00",257
4/22/2016,Accessories,2,63,98,35
4/22/2016,Accessories,2,75,96,21
4/22/2016,Accessories,1,374,479,105
4/22/2016,Accessories,1,286,330,44
4/22/2016,Bikes,1,"1,701.00","1,594.00",-107
4/22/2016,Clothing,1,324,347,23
4/22/2016,Accessories,1,203,253,50
4/22/2016,Accessories,3,55,70,15
4/22/2016,Clothing,2,200,236,36
4/22/2016,Accessories,2,480,780,300
4/22/2016,Accessories,1,145,241,96
4/22/2016,Bikes,2,"1,215.00","1,273.00",58
4/22/2016,Accessories,3,630,763,133
4/22/2016,Bikes,1,"2,320.00","2,576.00",256
4/22/2016,Accessories,1,665,908,243
4/22/2016,Accessories,2,105,129,24
4/22/2016,Bikes,3,540,671,131
4/22/2016,Bikes,3,769,854,85
4/23/2016,Clothing,1,"1,350.00","1,739.00",389
4/23/2016,Accessories,2,236,284,48
4/23/2016,Clothing,2,"1,207.00","1,581.00",374
4/23/2016,Bikes,2,"1,120.00","1,518.00",398
4/23/2016,Bikes,2,"2,295.00","2,584.00",289
4/23/2016,Accessories,2,36,45,9
4/23/2016,Accessories,3,48,60,12
4/23/2016,Accessories,2,455,710,255
4/23/2016,Accessories,2,160,191,31
4/23/2016,Accessories,1,5,6,1
4/23/2016,Bikes,2,540,602,62
4/23/2016,Bikes,2,"2,295.00","2,109.00",-186
4/23/2016,Accessories,1,105,124,19
4/23/2016,Bikes,1,"1,120.00","1,076.00",-44
4/23/2016,Bikes,2,"2,295.00","2,595.00",300
4/23/2016,Accessories,3,550,452,-98
4/23/2016,Accessories,2,344,392,48
4/23/2016,Accessories,2,910,"1,200.00",290
4/23/2016,Accessories,2,110,118,8
4/24/2016,Clothing,3,318,376,58
4/24/2016,Accessories,2,120,141,21
4/24/2016,Bikes,2,"1,701.00","1,680.00",-21
4/24/2016,Accessories,3,72,92,20
4/24/2016,Accessories,3,"1,015.00","1,301.00",286
4/24/2016,Bikes,3,"2,384.00","3,184.00",800
4/24/2016,Accessories,1,630,778,148
4/24/2016,Accessories,3,315,468,153
4/24/2016,Bikes,3,"2,320.00","3,179.00",859
4/24/2016,Accessories,2,30,38,8
4/24/2016,Accessories,1,110,96,-14
4/24/2016,Bikes,3,"2,295.00","2,090.00",-205
4/24/2016,Accessories,3,571,711,140
4/24/2016,Accessories,2,280,328,48
4/24/2016,Bikes,3,"2,295.00","2,292.00",-3
4/24/2016,Accessories,1,425,461,36
4/24/2016,Accessories,3,145,162,17
4/24/2016,Accessories,1,522,843,321
4/24/2016,Accessories,1,28,41,13
4/24/2016,Accessories,1,9,12,3
4/24/2016,Accessories,2,125,163,38
4/24/2016,Bikes,3,"2,295.00","2,661.00",366
4/24/2016,Accessories,3,105,140,35
4/24/2016,Accessories,3,25,31,6
4/24/2016,Accessories,1,"1,015.00","1,290.00",275
4/24/2016,Accessories,2,85,112,27
4/24/2016,Bikes,2,"1,120.00","1,154.00",34
4/24/2016,Accessories,1,770,948,178
4/24/2016,Accessories,1,100,114,14
4/24/2016,Accessories,2,150,169,19
4/24/2016,Bikes,3,"2,320.00","2,210.00",-110
4/24/2016,Accessories,2,180,233,53
4/24/2016,Accessories,2,80,91,11
4/24/2016,Accessories,1,420,483,63
4/25/2016,Clothing,3,514,887,373
4/25/2016,Accessories,3,15,23,8
4/25/2016,Accessories,3,424,553,129
4/25/2016,Accessories,2,30,32,2
4/25/2016,Accessories,1,420,499,79
4/25/2016,Accessories,3,115,153,38
4/25/2016,Accessories,1,980,"1,199.00",219
4/25/2016,Accessories,1,32,42,10
4/25/2016,Accessories,1,239,323,84
4/25/2016,Accessories,3,455,554,99
4/25/2016,Clothing,3,594,738,144
4/25/2016,Clothing,1,117,120,3
4/25/2016,Clothing,2,49,59,10
4/25/2016,Bikes,2,"1,120.00","1,236.00",116
4/25/2016,Clothing,3,27,33,6
4/25/2016,Accessories,1,44,51,7
4/25/2016,Accessories,1,115,137,22
4/26/2016,Accessories,2,16,18,2
4/26/2016,Accessories,1,225,275,50
4/26/2016,Accessories,2,75,84,9
4/26/2016,Bikes,2,"1,215.00","1,230.00",15
4/26/2016,Bikes,3,742,782,40
4/26/2016,Accessories,1,406,550,144
4/26/2016,Accessories,3,130,165,35
4/26/2016,Accessories,1,385,492,107
4/26/2016,Accessories,1,198,265,67
4/26/2016,Bikes,3,"1,120.00","1,360.00",240
4/26/2016,Accessories,3,112,163,51
4/26/2016,Accessories,3,525,879,354
4/26/2016,Accessories,3,35,51,16
4/26/2016,Bikes,3,540,486,-54
4/26/2016,Accessories,2,675,897,222
4/26/2016,Accessories,2,10,12,2
4/26/2016,Accessories,1,39,45,6
4/26/2016,Bikes,1,"2,295.00","2,651.00",356
4/26/2016,Accessories,2,725,853,128
4/26/2016,Accessories,2,96,106,10
4/26/2016,Accessories,1,14,18,4
4/26/2016,Clothing,2,600,810,210
4/26/2016,Clothing,3,"1,207.00","1,205.00",-2
4/26/2016,Bikes,1,769,947,178
4/26/2016,Accessories,1,120,171,51
4/26/2016,Accessories,3,41,60,19
4/26/2016,Bikes,3,540,526,-14
4/26/2016,Bikes,2,565,731,166
4/26/2016,Accessories,2,560,779,219
4/26/2016,Accessories,1,65,82,17
4/27/2016,Bikes,3,"2,295.00","2,456.00",161
4/27/2016,Clothing,3,36,46,10
4/27/2016,Clothing,2,27,34,7
4/27/2016,Bikes,3,"2,320.00","2,508.00",188
4/27/2016,Bikes,3,"2,320.00","3,035.00",715
4/27/2016,Accessories,2,200,292,92
4/27/2016,Accessories,3,75,116,41
4/27/2016,Bikes,2,"1,701.00","2,013.00",312
4/27/2016,Accessories,3,240,283,43
4/27/2016,Accessories,2,5,8,3
4/27/2016,Accessories,1,330,368,38
4/27/2016,Accessories,1,455,598,143
4/27/2016,Accessories,1,"1,050.00","1,607.00",557
4/27/2016,Bikes,3,"2,443.00","3,415.00",972
4/27/2016,Accessories,3,770,979,209
4/27/2016,Accessories,2,144,205,61
4/27/2016,Accessories,2,135,205,70
4/27/2016,Bikes,2,769,976,207
4/27/2016,Clothing,3,950,"1,238.00",288
4/27/2016,Accessories,1,135,165,30
4/27/2016,Accessories,1,198,261,63
4/27/2016,Accessories,1,350,412,62
4/27/2016,Bikes,2,"2,320.00","2,373.00",53
4/28/2016,Bikes,3,"2,384.00","2,275.00",-109
4/28/2016,Accessories,2,"1,050.00","1,370.00",320
4/28/2016,Accessories,2,96,121,25
4/28/2016,Accessories,2,408,481,73
4/28/2016,Clothing,1,441,525,84
4/28/2016,Accessories,1,348,378,30
4/28/2016,Accessories,2,80,103,23
4/28/2016,Accessories,3,525,611,86
4/28/2016,Accessories,3,70,74,4
4/28/2016,Bikes,3,769,758,-11
4/28/2016,Accessories,1,352,459,107
4/28/2016,Accessories,1,550,687,137
4/28/2016,Accessories,3,35,54,19
4/28/2016,Accessories,2,126,173,47
4/28/2016,Accessories,2,130,197,67
4/28/2016,Accessories,2,350,493,143
4/28/2016,Accessories,2,560,780,220
4/28/2016,Clothing,1,90,109,19
4/28/2016,Accessories,2,440,491,51
4/28/2016,Accessories,1,40,50,10
4/28/2016,Accessories,2,"1,113.00","1,401.00",288
4/28/2016,Bikes,2,540,577,37
4/28/2016,Bikes,2,"2,295.00","2,281.00",-14
4/28/2016,Accessories,1,528,579,51
4/28/2016,Bikes,1,"2,320.00","2,853.00",533
4/28/2016,Accessories,3,420,511,91
4/29/2016,Bikes,3,"2,295.00","2,504.00",209
4/29/2016,Accessories,3,87,115,28
4/29/2016,Clothing,2,648,799,151
4/29/2016,Bikes,3,"2,443.00","2,554.00",111
4/29/2016,Accessories,3,280,321,41
4/29/2016,Clothing,2,162,211,49
4/29/2016,Bikes,2,"2,320.00","2,375.00",55
4/29/2016,Accessories,2,750,917,167
4/29/2016,Accessories,1,100,136,36
4/29/2016,Clothing,3,250,315,65
4/29/2016,Accessories,1,50,61,11
4/29/2016,Accessories,3,105,136,31
4/29/2016,Accessories,2,70,93,23
4/29/2016,Accessories,3,85,112,27
4/29/2016,Accessories,1,16,18,2
4/29/2016,Accessories,1,36,39,3
4/29/2016,Accessories,3,215,291,76
4/30/2016,Accessories,1,805,740,-65
4/30/2016,Accessories,2,150,193,43
4/30/2016,Accessories,1,16,15,-1
4/30/2016,Bikes,3,"2,320.00","2,615.00",295
4/30/2016,Accessories,2,352,424,72
4/30/2016,Accessories,2,110,146,36
4/30/2016,Accessories,2,245,322,77
4/30/2016,Accessories,1,53,58,5
4/30/2016,Bikes,1,"2,295.00","2,281.00",-14
4/30/2016,Bikes,1,"1,120.00","1,383.00",263
4/30/2016,Bikes,2,540,494,-46
4/30/2016,Clothing,1,508,806,298
4/30/2016,Accessories,2,"1,320.00","1,820.00",500
4/30/2016,Clothing,1,367,363,-4
4/30/2016,Bikes,3,769,893,124
4/30/2016,Accessories,2,261,321,60
4/30/2016,Accessories,3,35,39,4
4/30/2016,Accessories,3,330,382,52
4/30/2016,Accessories,2,80,128,48
4/30/2016,Accessories,1,120,193,73
4/30/2016,Clothing,3,"1,651.00","2,439.00",788
4/30/2016,Bikes,2,"2,320.00","2,554.00",234
4/30/2016,Accessories,2,615,753,138
4/30/2016,Clothing,2,572,754,182
4/30/2016,Accessories,3,220,266,46
4/30/2016,Accessories,2,"1,050.00","1,223.00",173
4/30/2016,Accessories,3,420,507,87
4/30/2016,Bikes,3,"2,295.00","2,432.00",137
4/30/2016,Accessories,3,25,32,7
4/30/2016,Clothing,3,490,628,138
4/30/2016,Bikes,2,540,582,42
4/30/2016,Accessories,3,252,281,29
5/1/2016,Accessories,2,140,171,31
5/1/2016,Accessories,1,14,16,2
5/1/2016,Bikes,1,"2,384.00","2,292.00",-92
5/1/2016,Accessories,2,525,633,108
5/1/2016,Clothing,1,135,172,37
5/1/2016,Clothing,2,54,70,16
5/1/2016,Accessories,2,659,818,159
5/1/2016,Accessories,1,225,264,39
5/1/2016,Accessories,2,125,163,38
5/1/2016,Accessories,3,130,152,22
5/1/2016,Accessories,3,88,95,7
5/1/2016,Bikes,2,540,591,51
5/1/2016,Clothing,3,72,95,23
5/1/2016,Bikes,1,"1,120.00","1,373.00",253
5/1/2016,Accessories,3,207,341,134
5/1/2016,Accessories,2,130,198,68
5/1/2016,Bikes,2,769,"1,058.00",289
5/1/2016,Accessories,3,290,437,147
5/1/2016,Accessories,2,115,180,65
5/1/2016,Bikes,2,"2,295.00","2,433.00",138
5/1/2016,Bikes,3,"2,320.00","2,935.00",615
5/1/2016,Accessories,2,484,661,177
5/1/2016,Accessories,2,21,27,6
5/1/2016,Accessories,1,100,112,12
5/1/2016,Accessories,2,232,305,73
5/1/2016,Accessories,1,90,113,23
5/1/2016,Accessories,1,525,683,158
5/1/2016,Accessories,2,33,41,8
5/1/2016,Bikes,3,540,709,169
5/1/2016,Accessories,1,140,200,60
5/1/2016,Accessories,3,153,244,91
5/1/2016,Bikes,3,"2,320.00","3,158.00",838
5/1/2016,Accessories,3,10,16,6
5/1/2016,Clothing,2,710,"1,116.00",406
5/1/2016,Accessories,1,80,112,32
5/1/2016,Accessories,1,239,345,106
5/1/2016,Accessories,2,176,231,55
5/1/2016,Clothing,1,24,28,4
5/1/2016,Accessories,3,210,272,62
5/1/2016,Accessories,3,16,21,5
5/1/2016,Accessories,2,522,620,98
5/1/2016,Accessories,1,350,398,48
5/1/2016,Accessories,1,140,154,14
5/1/2016,Accessories,3,805,"1,060.00",255
5/1/2016,Bikes,2,565,574,9
5/1/2016,Accessories,2,154,190,36
5/1/2016,Accessories,1,280,272,-8
5/2/2016,Accessories,1,130,148,18
5/2/2016,Clothing,1,"1,134.00","1,389.00",255
5/2/2016,Accessories,2,665,901,236
5/2/2016,Accessories,2,250,319,69
5/2/2016,Clothing,3,324,366,42
5/2/2016,Accessories,3,72,91,19
5/2/2016,Bikes,1,769,848,79
5/2/2016,Accessories,1,95,144,49
5/2/2016,Clothing,1,234,300,66
5/3/2016,Accessories,2,48,56,8
5/3/2016,Bikes,1,769,735,-34
5/3/2016,Bikes,1,769,777,8
5/3/2016,Clothing,1,144,166,22
5/3/2016,Bikes,3,540,521,-19
5/3/2016,Clothing,3,81,94,13
5/3/2016,Bikes,1,769,848,79
5/3/2016,Accessories,3,637,777,140
5/3/2016,Accessories,2,660,832,172
5/3/2016,Accessories,2,150,196,46
5/3/2016,Accessories,3,115,142,27
5/3/2016,Accessories,3,53,68,15
5/3/2016,Clothing,2,800,"1,207.00",407
5/3/2016,Clothing,1,198,306,108
5/3/2016,Clothing,2,350,432,82
5/3/2016,Bikes,1,"2,384.00","2,410.00",26
5/3/2016,Bikes,1,"2,320.00","2,695.00",375
5/3/2016,Bikes,1,540,611,71
5/3/2016,Accessories,1,210,295,85
5/3/2016,Accessories,2,176,200,24
5/3/2016,Clothing,2,153,184,31
5/3/2016,Accessories,2,198,229,31
5/3/2016,Accessories,3,35,45,10
5/3/2016,Clothing,1,108,159,51
5/3/2016,Accessories,2,318,496,178
5/3/2016,Accessories,3,110,123,13
5/3/2016,Accessories,3,100,116,16
5/3/2016,Bikes,1,"1,215.00","1,220.00",5
5/3/2016,Bikes,3,"2,320.00","2,476.00",156
5/3/2016,Bikes,2,"2,295.00","2,104.00",-191
5/3/2016,Accessories,2,425,500,75
5/3/2016,Accessories,3,32,39,7
5/3/2016,Accessories,3,700,845,145
5/3/2016,Accessories,3,110,135,25
5/3/2016,Bikes,2,769,763,-6
5/3/2016,Clothing,2,117,144,27
5/3/2016,Clothing,3,"1,540.00","1,664.00",124
5/3/2016,Accessories,1,175,239,64
5/4/2016,Accessories,2,85,107,22
5/4/2016,Accessories,3,525,624,99
5/4/2016,Accessories,1,65,85,20
5/4/2016,Bikes,1,742,808,66
5/4/2016,Accessories,3,5,5,0
5/4/2016,Accessories,2,54,86,32
5/4/2016,Clothing,3,73,91,18
5/4/2016,Accessories,2,"2,040.00","2,634.00",594
5/4/2016,Clothing,3,500,510,10
5/4/2016,Clothing,1,63,75,12
5/4/2016,Accessories,2,64,78,14
5/4/2016,Accessories,1,326,394,68
5/4/2016,Accessories,3,69,87,18
5/4/2016,Bikes,2,"2,295.00","2,317.00",22
5/4/2016,Accessories,3,812,"1,203.00",391
5/4/2016,Accessories,1,35,57,22
5/4/2016,Accessories,1,126,145,19
5/4/2016,Accessories,3,20,23,3
5/4/2016,Accessories,3,350,415,65
5/4/2016,Accessories,2,30,37,7
5/4/2016,Accessories,1,245,287,42
5/4/2016,Bikes,1,742,841,99
5/4/2016,Accessories,2,125,121,-4
5/4/2016,Accessories,1,"1,920.00","1,906.00",-14
5/4/2016,Bikes,1,540,536,-4
5/4/2016,Accessories,1,105,142,37
5/4/2016,Accessories,2,45,51,6
5/4/2016,Bikes,1,769,857,88
5/4/2016,Accessories,3,40,53,13
5/4/2016,Accessories,2,75,99,24
5/4/2016,Accessories,2,525,652,127
5/4/2016,Accessories,1,15,20,5
5/4/2016,Bikes,3,769,886,117
5/4/2016,Clothing,1,189,259,70
5/5/2016,Accessories,1,90,121,31
5/5/2016,Accessories,3,145,182,37
5/5/2016,Clothing,3,225,265,40
5/5/2016,Clothing,1,196,246,50
5/5/2016,Accessories,3,145,183,38
5/5/2016,Accessories,3,90,115,25
5/5/2016,Clothing,1,144,185,41
5/5/2016,Clothing,3,432,584,152
5/5/2016,Bikes,1,"2,384.00","2,694.00",310
5/5/2016,Bikes,1,"1,215.00","1,361.00",146
5/5/2016,Accessories,1,80,119,39
5/5/2016,Clothing,2,661,"1,027.00",366
5/5/2016,Bikes,2,"2,295.00","2,838.00",543
5/5/2016,Accessories,1,240,348,108
5/5/2016,Accessories,1,90,143,53
5/5/2016,Accessories,1,330,463,133
5/5/2016,Accessories,1,220,264,44
5/5/2016,Bikes,3,"2,320.00","2,332.00",12
5/5/2016,Bikes,3,"1,215.00","1,275.00",60
5/5/2016,Clothing,1,171,206,35
5/5/2016,Bikes,2,"2,443.00","3,068.00",625
5/5/2016,Accessories,3,840,"1,253.00",413
5/5/2016,Bikes,1,"1,120.00","1,293.00",173
5/5/2016,Accessories,1,319,397,78
5/5/2016,Accessories,3,25,34,9
5/5/2016,Clothing,2,220,280,60
5/5/2016,Accessories,2,571,702,131
5/5/2016,Accessories,1,40,54,14
5/5/2016,Bikes,2,540,534,-6
5/5/2016,Accessories,1,21,28,7
5/5/2016,Bikes,2,"1,701.00","1,814.00",113
5/5/2016,Clothing,2,"1,588.00","1,869.00",281
5/5/2016,Bikes,2,"2,295.00","2,244.00",-51
5/5/2016,Accessories,2,193,243,50
5/5/2016,Accessories,1,9,12,3
5/5/2016,Clothing,1,"1,750.00","2,453.00",703
5/6/2016,Clothing,3,400,493,93
5/6/2016,Bikes,1,540,594,54
5/6/2016,Clothing,2,216,295,79
5/6/2016,Accessories,3,130,169,39
5/6/2016,Accessories,1,377,437,60
5/6/2016,Accessories,1,945,"1,256.00",311
5/6/2016,Accessories,1,145,189,44
5/6/2016,Accessories,1,69,84,15
5/6/2016,Bikes,3,769,856,87
5/6/2016,Accessories,3,140,184,44
5/6/2016,Bikes,1,"2,295.00","2,204.00",-91
5/6/2016,Accessories,3,385,498,113
5/6/2016,Accessories,2,242,299,57
5/6/2016,Bikes,1,"2,320.00","2,479.00",159
5/6/2016,Accessories,3,160,210,50
5/6/2016,Accessories,2,110,141,31
5/6/2016,Accessories,2,435,589,154
5/6/2016,Accessories,1,35,42,7
5/6/2016,Bikes,1,540,704,164
5/6/2016,Bikes,2,769,714,-55
5/6/2016,Bikes,2,"2,320.00","2,551.00",231
5/6/2016,Accessories,3,840,"1,085.00",245
5/6/2016,Accessories,3,90,124,34
5/6/2016,Clothing,3,252,362,110
5/6/2016,Accessories,3,385,582,197
5/6/2016,Accessories,3,245,338,93
5/6/2016,Accessories,2,32,37,5
5/6/2016,Accessories,3,456,522,66
5/6/2016,Accessories,3,595,634,39
5/6/2016,Bikes,3,565,717,152
5/6/2016,Accessories,1,180,255,75
5/6/2016,Accessories,2,735,"1,135.00",400
5/7/2016,Accessories,2,484,597,113
5/7/2016,Bikes,3,769,756,-13
5/7/2016,Bikes,2,"2,384.00","2,859.00",475
5/7/2016,Accessories,2,735,"1,092.00",357
5/7/2016,Clothing,2,588,660,72
5/7/2016,Accessories,2,301,410,109
5/7/2016,Accessories,1,84,132,48
5/7/2016,Accessories,2,66,62,-4
5/7/2016,Bikes,3,"2,295.00","2,577.00",282
5/7/2016,Accessories,1,"1,155.00","1,680.00",525
5/7/2016,Accessories,2,770,"1,053.00",283
5/7/2016,Bikes,3,"2,320.00","2,969.00",649
5/7/2016,Accessories,2,90,136,46
5/7/2016,Accessories,2,420,680,260
5/7/2016,Accessories,3,55,85,30
5/7/2016,Clothing,3,243,263,20
5/7/2016,Accessories,1,571,767,196
5/7/2016,Accessories,2,720,964,244
5/7/2016,Accessories,3,490,768,278
5/7/2016,Bikes,1,"1,120.00","1,234.00",114
5/7/2016,Accessories,3,198,211,13
5/7/2016,Accessories,2,270,365,95
5/7/2016,Accessories,2,5,8,3
5/7/2016,Bikes,1,"1,701.00","2,322.00",621
5/7/2016,Accessories,1,300,489,189
5/7/2016,Accessories,3,116,182,66
5/7/2016,Bikes,1,769,699,-70
5/7/2016,Clothing,1,"1,050.00",955,-95
5/7/2016,Clothing,2,196,308,112
5/7/2016,Accessories,3,176,230,54
5/7/2016,Clothing,1,198,227,29
5/7/2016,Accessories,1,805,"1,049.00",244
5/7/2016,Accessories,3,554,655,101
5/8/2016,Accessories,3,140,190,50
5/8/2016,Accessories,1,60,86,26
5/8/2016,Accessories,1,350,415,65
5/8/2016,Clothing,3,378,468,90
5/8/2016,Clothing,1,318,404,86
5/8/2016,Accessories,1,70,93,23
5/8/2016,Accessories,1,625,757,132
5/8/2016,Accessories,3,9,10,1
5/8/2016,Bikes,3,"1,215.00","1,339.00",124
5/8/2016,Accessories,3,406,510,104
5/8/2016,Accessories,1,35,47,12
5/8/2016,Bikes,1,"2,320.00","2,172.00",-148
5/8/2016,Accessories,3,245,317,72
5/8/2016,Accessories,2,75,90,15
5/8/2016,Accessories,2,20,30,10
5/8/2016,Accessories,3,451,689,238
5/8/2016,Accessories,2,245,274,29
5/8/2016,Clothing,1,64,86,22
5/8/2016,Bikes,2,565,562,-3
5/8/2016,Bikes,3,540,556,16
5/8/2016,Accessories,3,910,"1,036.00",126
5/8/2016,Accessories,1,55,64,9
5/8/2016,Accessories,1,30,36,6
5/8/2016,Accessories,1,5,6,1
5/9/2016,Bikes,1,742,774,32
5/9/2016,Clothing,2,9,11,2
5/9/2016,Accessories,2,56,77,21
5/9/2016,Bikes,2,"1,120.00","1,113.00",-7
5/9/2016,Accessories,1,420,546,126
5/9/2016,Bikes,1,"2,320.00","2,413.00",93
5/9/2016,Accessories,1,980,"1,128.00",148
5/9/2016,Bikes,3,"1,215.00","1,418.00",203
5/9/2016,Accessories,2,910,"1,233.00",323
5/9/2016,Bikes,1,"2,295.00","2,478.00",183
5/9/2016,Accessories,2,198,251,53
5/9/2016,Clothing,1,24,25,1
5/9/2016,Bikes,2,"2,295.00","2,035.00",-260
5/9/2016,Accessories,1,140,155,15
5/9/2016,Bikes,3,"1,120.00","1,068.00",-52
5/9/2016,Accessories,1,225,287,62
5/9/2016,Accessories,1,75,97,22
5/9/2016,Accessories,3,110,149,39
5/9/2016,Accessories,1,175,216,41
5/9/2016,Clothing,1,600,678,78
5/9/2016,Accessories,1,150,188,38
5/9/2016,Accessories,3,220,274,54
5/9/2016,Bikes,1,769,896,127
5/9/2016,Accessories,1,805,"1,098.00",293
5/9/2016,Accessories,2,180,194,14
5/9/2016,Accessories,3,50,62,12
5/9/2016,Accessories,3,40,55,15
5/9/2016,Clothing,2,637,759,122
5/9/2016,Accessories,3,315,462,147
5/9/2016,Bikes,1,"2,295.00","2,201.00",-94
5/9/2016,Bikes,1,"1,120.00","1,051.00",-69
5/9/2016,Accessories,3,105,116,11
5/9/2016,Accessories,3,10,13,3
5/10/2016,Accessories,3,55,72,17
5/10/2016,Accessories,3,36,43,7
5/10/2016,Bikes,3,"2,295.00","2,446.00",151
5/10/2016,Accessories,1,374,493,119
5/10/2016,Accessories,1,659,790,131
5/10/2016,Bikes,1,540,554,14
5/10/2016,Accessories,3,43,50,7
5/10/2016,Accessories,1,21,24,3
5/10/2016,Accessories,2,120,156,36
5/10/2016,Bikes,2,769,839,70
5/10/2016,Accessories,3,330,375,45
5/10/2016,Accessories,2,111,127,16
5/10/2016,Accessories,2,"1,431.00","1,783.00",352
5/10/2016,Accessories,3,"1,155.00","1,466.00",311
5/10/2016,Accessories,3,60,81,21
5/10/2016,Accessories,1,475,643,168
5/10/2016,Accessories,1,45,55,10
5/10/2016,Bikes,2,"2,295.00","2,314.00",19
5/10/2016,Bikes,2,"2,320.00","2,336.00",16
5/10/2016,Bikes,1,"1,701.00","1,785.00",84
5/10/2016,Accessories,1,475,642,167
5/10/2016,Bikes,1,"2,295.00","2,328.00",33
5/10/2016,Bikes,1,"1,701.00","2,167.00",466
5/10/2016,Accessories,2,910,"1,501.00",591
5/10/2016,Accessories,1,980,"1,101.00",121
5/10/2016,Accessories,1,95,114,19
5/10/2016,Accessories,3,280,362,82
5/11/2016,Accessories,1,665,816,151
5/11/2016,Accessories,2,30,41,11
5/11/2016,Accessories,1,910,"1,109.00",199
5/11/2016,Bikes,3,"2,320.00","2,805.00",485
5/11/2016,Accessories,2,72,87,15
5/11/2016,Accessories,1,"3,120.00","3,887.00",767
5/11/2016,Clothing,3,9,11,2
5/11/2016,Bikes,2,565,668,103
5/11/2016,Bikes,3,"2,295.00","2,417.00",122
5/11/2016,Accessories,3,80,119,39
5/11/2016,Accessories,2,279,420,141
5/11/2016,Accessories,3,350,564,214
5/11/2016,Accessories,2,495,528,33
5/11/2016,Accessories,1,72,82,10
5/11/2016,Accessories,3,145,189,44
5/11/2016,Accessories,3,105,144,39
5/11/2016,Accessories,3,720,871,151
5/11/2016,Clothing,1,270,355,85
5/11/2016,Bikes,3,"2,295.00","2,248.00",-47
5/11/2016,Clothing,3,"1,350.00","1,812.00",462
5/11/2016,Accessories,1,493,608,115
5/11/2016,Accessories,3,135,166,31
5/11/2016,Accessories,3,66,86,20
5/11/2016,Accessories,3,700,847,147
5/12/2016,Accessories,3,980,"1,437.00",457
5/12/2016,Accessories,1,560,626,66
5/12/2016,Accessories,2,120,134,14
5/12/2016,Accessories,1,64,87,23
5/12/2016,Accessories,1,28,36,8
5/12/2016,Accessories,2,116,150,34
5/12/2016,Accessories,1,25,28,3
5/12/2016,Accessories,1,140,181,41
5/12/2016,Bikes,3,"2,384.00","2,980.00",596
5/12/2016,Clothing,3,261,325,64
5/12/2016,Bikes,3,540,564,24
5/12/2016,Accessories,1,88,120,32
5/12/2016,Accessories,2,440,512,72
5/12/2016,Accessories,1,154,197,43
5/12/2016,Accessories,2,35,40,5
5/12/2016,Bikes,1,"2,295.00","2,525.00",230
5/12/2016,Accessories,2,350,424,74
5/12/2016,Accessories,3,10,11,1
5/12/2016,Accessories,3,264,275,11
5/12/2016,Clothing,2,81,92,11
5/12/2016,Bikes,2,769,965,196
5/12/2016,Clothing,2,"1,207.00","1,848.00",641
5/12/2016,Accessories,2,65,88,23
5/12/2016,Accessories,1,105,131,26
5/12/2016,Bikes,3,"2,320.00","2,869.00",549
5/12/2016,Clothing,3,588,650,62
5/12/2016,Bikes,1,769,762,-7
5/12/2016,Accessories,1,5,6,1
5/12/2016,Accessories,1,120,145,25
5/12/2016,Accessories,1,37,43,6
5/12/2016,Accessories,3,40,49,9
5/12/2016,Accessories,3,70,89,19
5/12/2016,Accessories,2,638,756,118
5/12/2016,Accessories,2,7,9,2
5/12/2016,Accessories,3,210,235,25
5/12/2016,Accessories,2,80,94,14
5/13/2016,Clothing,1,191,237,46
5/13/2016,Clothing,2,"1,050.00","1,156.00",106
5/13/2016,Accessories,3,623,812,189
5/13/2016,Bikes,1,"2,320.00","2,595.00",275
5/13/2016,Accessories,1,105,152,47
5/13/2016,Accessories,1,550,758,208
5/13/2016,Accessories,3,32,40,8
5/13/2016,Accessories,1,387,495,108
5/13/2016,Accessories,3,140,176,36
5/13/2016,Clothing,1,950,"1,146.00",196
5/13/2016,Clothing,3,"1,050.00","1,445.00",395
5/13/2016,Bikes,3,769,896,127
5/13/2016,Accessories,1,406,570,164
5/13/2016,Accessories,2,32,37,5
5/13/2016,Accessories,2,130,153,23
5/13/2016,Accessories,3,75,92,17
5/13/2016,Accessories,2,455,515,60
5/13/2016,Accessories,3,120,141,21
5/13/2016,Accessories,2,100,120,20
5/13/2016,Accessories,2,870,"1,232.00",362
5/13/2016,Accessories,1,10,14,4
5/13/2016,Accessories,1,270,382,112
5/13/2016,Accessories,3,55,72,17
5/13/2016,Bikes,2,"2,320.00","2,262.00",-58
5/13/2016,Accessories,3,130,171,41
5/13/2016,Accessories,1,150,171,21
5/13/2016,Clothing,3,367,467,100
5/13/2016,Bikes,3,540,699,159
5/13/2016,Accessories,2,125,177,52
5/13/2016,Accessories,1,36,57,21
5/13/2016,Accessories,2,37,42,5
5/14/2016,Accessories,1,350,432,82
5/14/2016,Accessories,3,135,146,11
5/14/2016,Accessories,1,551,746,195
5/14/2016,Accessories,1,27,36,9
5/14/2016,Accessories,1,645,794,149
5/14/2016,Clothing,1,90,101,11
5/14/2016,Bikes,2,"2,384.00","2,626.00",242
5/14/2016,Accessories,3,665,868,203
5/14/2016,Accessories,3,55,67,12
5/14/2016,Clothing,3,"1,778.00","2,198.00",420
5/14/2016,Accessories,2,210,279,69
5/14/2016,Bikes,3,"1,215.00","1,274.00",59
5/14/2016,Accessories,1,25,31,6
5/14/2016,Accessories,3,45,55,10
5/14/2016,Accessories,2,35,48,13
5/14/2016,Accessories,2,484,606,122
5/14/2016,Bikes,3,"1,120.00","1,268.00",148
5/14/2016,Bikes,2,540,603,63
5/14/2016,Accessories,2,"1,050.00","1,651.00",601
5/14/2016,Bikes,1,540,578,38
5/14/2016,Clothing,3,126,152,26
5/14/2016,Accessories,1,245,240,-5
5/14/2016,Clothing,1,140,174,34
5/14/2016,Accessories,1,420,597,177
5/14/2016,Accessories,2,140,165,25
5/14/2016,Clothing,1,445,590,145
5/14/2016,Accessories,2,35,40,5
5/14/2016,Accessories,3,352,380,28
5/14/2016,Clothing,3,"1,300.00","1,992.00",692
5/14/2016,Clothing,1,234,265,31
5/15/2016,Accessories,1,193,161,-32
5/15/2016,Accessories,3,4,6,2
5/15/2016,Bikes,2,"1,120.00","1,090.00",-30
5/15/2016,Accessories,2,875,"1,070.00",195
5/15/2016,Accessories,3,100,121,21
5/15/2016,Accessories,3,550,643,93
5/15/2016,Bikes,2,769,997,228
5/15/2016,Clothing,3,"1,050.00","1,379.00",329
5/15/2016,Accessories,3,135,158,23
5/15/2016,Accessories,2,260,345,85
5/15/2016,Accessories,2,560,796,236
5/15/2016,Clothing,1,756,890,134
5/15/2016,Bikes,3,"2,320.00","2,909.00",589
5/15/2016,Accessories,3,154,203,49
5/15/2016,Bikes,1,565,592,27
5/15/2016,Bikes,3,742,890,148
5/15/2016,Accessories,3,490,809,319
5/15/2016,Clothing,2,9,14,5
5/15/2016,Bikes,2,"2,295.00","2,401.00",106
5/15/2016,Accessories,2,175,269,94
5/15/2016,Bikes,2,"1,120.00","1,230.00",110
5/15/2016,Accessories,3,245,285,40
5/15/2016,Bikes,3,769,755,-14
5/15/2016,Accessories,1,175,233,58
5/15/2016,Accessories,1,308,352,44
5/15/2016,Accessories,1,"1,430.00","1,667.00",237
5/16/2016,Accessories,2,280,322,42
5/16/2016,Accessories,1,484,592,108
5/16/2016,Bikes,2,"1,120.00","1,211.00",91
5/16/2016,Bikes,3,742,906,164
5/16/2016,Accessories,2,595,843,248
5/16/2016,Accessories,3,14,17,3
5/16/2016,Bikes,1,"2,384.00","2,551.00",167
5/16/2016,Accessories,1,550,627,77
5/16/2016,Bikes,3,"2,295.00","2,175.00",-120
5/16/2016,Bikes,1,769,796,27
5/16/2016,Bikes,2,"2,295.00","2,505.00",210
5/16/2016,Accessories,2,396,443,47
5/16/2016,Accessories,3,350,432,82
5/16/2016,Clothing,2,750,918,168
5/16/2016,Accessories,2,68,79,11
5/16/2016,Bikes,2,540,604,64
5/16/2016,Clothing,1,54,60,6
5/16/2016,Accessories,3,8,10,2
5/16/2016,Accessories,2,16,19,3
5/16/2016,Accessories,3,95,117,22
5/16/2016,Accessories,3,525,679,154
5/16/2016,Bikes,3,"1,120.00","1,443.00",323
5/16/2016,Accessories,2,525,611,86
5/17/2016,Accessories,1,735,932,197
5/17/2016,Accessories,3,125,154,29
5/17/2016,Accessories,2,210,268,58
5/17/2016,Accessories,3,600,768,168
5/17/2016,Bikes,1,"2,384.00","3,245.00",861
5/17/2016,Accessories,3,40,60,20
5/17/2016,Accessories,3,198,317,119
5/17/2016,Accessories,3,10,15,5
5/17/2016,Accessories,3,39,55,16
5/17/2016,Accessories,2,525,759,234
5/17/2016,Accessories,1,220,268,48
5/17/2016,Accessories,1,110,114,4
5/17/2016,Bikes,3,"2,295.00","2,994.00",699
5/17/2016,Accessories,2,374,572,198
5/17/2016,Accessories,2,56,84,28
5/17/2016,Accessories,1,360,587,227
5/17/2016,Bikes,3,"2,320.00","2,225.00",-95
5/17/2016,Accessories,3,625,707,82
5/17/2016,Accessories,2,116,151,35
5/17/2016,Bikes,1,540,461,-79
5/17/2016,Accessories,1,630,958,328
5/17/2016,Accessories,1,"1,590.00","2,077.00",487
5/17/2016,Accessories,1,35,40,5
5/17/2016,Accessories,3,108,143,35
5/17/2016,Accessories,2,43,51,8
5/17/2016,Accessories,3,174,215,41
5/17/2016,Accessories,3,20,23,3
5/17/2016,Accessories,1,35,45,10
5/17/2016,Bikes,3,"2,384.00","2,669.00",285
5/17/2016,Accessories,3,36,41,5
5/17/2016,Accessories,2,70,87,17
5/17/2016,Accessories,1,210,274,64
5/17/2016,Accessories,2,16,18,2
5/17/2016,Accessories,2,"1,050.00","1,273.00",223
5/17/2016,Accessories,3,418,505,87
5/17/2016,Accessories,3,735,891,156
5/17/2016,Accessories,1,286,349,63
5/17/2016,Accessories,2,132,167,35
5/17/2016,Bikes,2,540,665,125
5/17/2016,Accessories,3,659,925,266
5/17/2016,Accessories,2,"2,040.00","3,209.00",1169
5/18/2016,Accessories,2,560,888,328
5/18/2016,Bikes,3,"1,701.00","1,914.00",213
5/18/2016,Clothing,3,540,719,179
5/18/2016,Clothing,3,"1,026.00","1,164.00",138
5/18/2016,Accessories,2,239,305,66
5/18/2016,Accessories,2,132,172,40
5/18/2016,Accessories,3,980,"1,218.00",238
5/18/2016,Clothing,2,950,"1,202.00",252
5/18/2016,Accessories,3,145,182,37
5/18/2016,Accessories,1,550,651,101
5/18/2016,Accessories,3,"1,050.00","1,306.00",256
5/18/2016,Bikes,1,540,598,58
5/18/2016,Bikes,1,"2,320.00","2,569.00",249
5/18/2016,Accessories,1,875,"1,119.00",244
5/18/2016,Accessories,2,350,406,56
5/18/2016,Bikes,2,"2,320.00","3,237.00",917
5/19/2016,Clothing,3,486,597,111
5/19/2016,Bikes,1,"1,701.00","1,528.00",-173
5/19/2016,Clothing,3,500,589,89
5/19/2016,Bikes,2,"2,320.00","2,876.00",556
5/19/2016,Accessories,1,44,67,23
5/19/2016,Accessories,1,10,16,6
5/19/2016,Accessories,1,120,181,61
5/19/2016,Clothing,2,162,207,45
5/19/2016,Accessories,2,286,380,94
5/19/2016,Accessories,2,70,80,10
5/19/2016,Clothing,1,392,416,24
5/19/2016,Accessories,2,132,172,40
5/19/2016,Accessories,3,230,372,142
5/19/2016,Accessories,3,130,186,56
5/19/2016,Accessories,3,609,810,201
5/19/2016,Accessories,1,135,165,30
5/19/2016,Accessories,1,66,71,5
5/19/2016,Accessories,1,10,16,6
5/19/2016,Clothing,1,90,130,40
5/19/2016,Accessories,1,560,836,276
5/19/2016,Accessories,3,107,124,17
5/19/2016,Clothing,2,"1,120.00","1,176.00",56
5/19/2016,Bikes,3,"2,384.00","2,572.00",188
5/19/2016,Accessories,3,115,140,25
5/19/2016,Accessories,2,117,139,22
5/19/2016,Clothing,1,245,362,117
5/19/2016,Bikes,2,"1,701.00","1,772.00",71
5/19/2016,Accessories,2,659,792,133
5/20/2016,Accessories,2,105,120,15
5/20/2016,Accessories,2,60,71,11
5/20/2016,Accessories,1,945,"1,354.00",409
5/20/2016,Accessories,1,551,761,210
5/20/2016,Accessories,2,25,42,17
5/20/2016,Accessories,2,396,556,160
5/20/2016,Bikes,3,"2,384.00","3,197.00",813
5/20/2016,Accessories,3,810,"1,045.00",235
5/20/2016,Accessories,1,100,127,27
5/20/2016,Accessories,3,280,320,40
5/20/2016,Accessories,1,85,124,39
5/20/2016,Clothing,1,108,152,44
5/20/2016,Clothing,1,162,207,45
5/20/2016,Bikes,3,"2,295.00","2,505.00",210
5/20/2016,Accessories,1,550,757,207
5/20/2016,Clothing,1,"1,000.00","1,276.00",276
5/20/2016,Clothing,1,490,675,185
5/20/2016,Clothing,3,171,223,52
5/20/2016,Accessories,1,330,385,55
5/20/2016,Accessories,3,85,102,17
5/20/2016,Accessories,2,44,59,15
5/20/2016,Clothing,3,140,219,79
5/20/2016,Clothing,3,661,560,-101
5/20/2016,Bikes,1,540,623,83
5/20/2016,Clothing,1,"1,450.00","1,877.00",427
5/20/2016,Accessories,1,290,317,27
5/20/2016,Accessories,2,105,122,17
5/20/2016,Bikes,3,769,785,16
5/20/2016,Accessories,1,464,561,97
5/20/2016,Accessories,1,5,6,1
5/20/2016,Bikes,2,"2,295.00","2,623.00",328
5/20/2016,Accessories,1,85,104,19
5/20/2016,Accessories,1,230,320,90
5/20/2016,Accessories,2,308,467,159
5/20/2016,Accessories,3,30,42,12
5/20/2016,Accessories,1,700,"1,165.00",465
5/20/2016,Clothing,1,"1,350.00","1,822.00",472
5/20/2016,Bikes,2,"2,443.00","2,866.00",423
5/20/2016,Accessories,1,120,134,14
5/20/2016,Bikes,1,"2,320.00","2,116.00",-204
5/20/2016,Bikes,3,"1,701.00","1,562.00",-139
5/21/2016,Bikes,3,742,786,44
5/21/2016,Accessories,3,69,86,17
5/21/2016,Accessories,3,56,63,7
5/21/2016,Accessories,1,630,783,153
5/21/2016,Accessories,3,15,20,5
5/21/2016,Accessories,2,374,435,61
5/21/2016,Accessories,1,66,79,13
5/21/2016,Bikes,2,"2,384.00","2,146.00",-238
5/21/2016,Bikes,2,565,621,56
5/21/2016,Accessories,1,81,136,55
5/21/2016,Accessories,3,15,16,1
5/21/2016,Bikes,3,"1,215.00","1,301.00",86
5/21/2016,Bikes,3,"2,320.00","2,460.00",140
5/21/2016,Bikes,3,"2,320.00","3,260.00",940
5/21/2016,Clothing,2,"1,404.00","2,107.00",703
5/21/2016,Accessories,3,735,897,162
5/21/2016,Accessories,1,593,671,78
5/21/2016,Bikes,3,"1,215.00","1,545.00",330
5/21/2016,Bikes,3,"2,295.00","2,562.00",267
5/21/2016,Accessories,3,176,199,23
5/21/2016,Bikes,2,540,782,242
5/21/2016,Accessories,1,560,878,318
5/21/2016,Accessories,2,840,"1,008.00",168
5/21/2016,Accessories,1,242,315,73
5/21/2016,Accessories,2,48,72,24
5/21/2016,Accessories,1,645,981,336
5/21/2016,Accessories,1,175,190,15
5/21/2016,Accessories,1,325,379,54
5/21/2016,Accessories,1,"1,050.00","1,257.00",207
5/21/2016,Clothing,1,234,283,49
5/21/2016,Bikes,1,"2,320.00","2,326.00",6
5/21/2016,Bikes,3,"2,295.00","2,283.00",-12
5/21/2016,Accessories,1,88,112,24
5/21/2016,Accessories,1,875,"1,163.00",288
5/21/2016,Accessories,1,126,169,43
5/21/2016,Accessories,2,90,110,20
5/22/2016,Bikes,3,540,584,44
5/22/2016,Accessories,2,110,125,15
5/22/2016,Bikes,3,"2,384.00","2,457.00",73
5/22/2016,Accessories,1,35,46,11
5/22/2016,Accessories,2,36,42,6
5/22/2016,Accessories,1,33,38,5
5/22/2016,Bikes,1,"2,384.00","1,967.00",-417
5/22/2016,Clothing,1,171,163,-8
5/22/2016,Clothing,1,702,"1,046.00",344
5/22/2016,Bikes,1,"2,295.00","2,924.00",629
5/22/2016,Accessories,2,550,610,60
5/22/2016,Accessories,3,910,"1,287.00",377
5/22/2016,Accessories,1,560,691,131
5/22/2016,Accessories,2,652,767,115
5/22/2016,Bikes,3,"2,320.00","2,303.00",-17
5/22/2016,Accessories,1,190,249,59
5/22/2016,Accessories,3,5,6,1
5/22/2016,Accessories,3,140,186,46
5/23/2016,Accessories,3,667,936,269
5/23/2016,Accessories,2,115,139,24
5/23/2016,Accessories,2,14,17,3
5/23/2016,Accessories,2,175,218,43
5/23/2016,Accessories,3,150,178,28
5/23/2016,Bikes,2,769,760,-9
5/23/2016,Bikes,2,540,598,58
5/23/2016,Accessories,2,344,440,96
5/23/2016,Accessories,1,20,25,5
5/23/2016,Accessories,1,"1,015.00","1,311.00",296
5/23/2016,Clothing,2,126,165,39
5/23/2016,Clothing,2,800,"1,008.00",208
5/23/2016,Accessories,3,120,166,46
5/23/2016,Bikes,1,"2,384.00","3,264.00",880
5/23/2016,Clothing,1,261,396,135
5/23/2016,Bikes,2,"2,384.00","1,886.00",-498
5/23/2016,Accessories,1,665,676,11
5/23/2016,Bikes,2,540,600,60
5/23/2016,Accessories,3,66,79,13
5/23/2016,Accessories,1,220,268,48
5/23/2016,Clothing,1,198,270,72
5/23/2016,Accessories,3,95,143,48
5/23/2016,Accessories,1,945,"1,345.00",400
5/23/2016,Accessories,3,175,220,45
5/23/2016,Accessories,2,506,637,131
5/23/2016,Clothing,2,"1,890.00","2,724.00",834
5/23/2016,Accessories,2,130,160,30
5/23/2016,Accessories,2,130,156,26
5/24/2016,Bikes,3,742,751,9
5/24/2016,Bikes,1,540,549,9
5/24/2016,Bikes,1,769,847,78
5/24/2016,Bikes,1,"2,384.00","3,134.00",750
5/24/2016,Accessories,2,85,103,18
5/24/2016,Accessories,3,153,193,40
5/24/2016,Accessories,3,528,631,103
5/24/2016,Clothing,1,144,213,69
5/24/2016,Bikes,3,"2,320.00","2,845.00",525
5/24/2016,Accessories,1,60,91,31
5/24/2016,Accessories,1,20,28,8
5/24/2016,Bikes,2,769,961,192
5/24/2016,Accessories,2,22,29,7
5/24/2016,Clothing,3,"1,296.00","1,708.00",412
5/24/2016,Clothing,3,70,86,16
5/24/2016,Clothing,2,900,831,-69
5/24/2016,Accessories,1,223,351,128
5/24/2016,Accessories,2,350,440,90
5/24/2016,Clothing,2,117,156,39
5/24/2016,Bikes,1,"2,320.00","2,508.00",188
5/24/2016,Accessories,3,153,181,28
5/24/2016,Accessories,3,10,13,3
5/25/2016,Accessories,2,560,662,102
5/25/2016,Accessories,2,20,26,6
5/25/2016,Accessories,2,9,11,2
5/25/2016,Accessories,1,560,634,74
5/25/2016,Accessories,1,33,37,4
5/25/2016,Bikes,2,"2,384.00","2,602.00",218
5/25/2016,Accessories,1,595,694,99
5/25/2016,Accessories,3,10,13,3
5/25/2016,Accessories,1,754,982,228
5/25/2016,Clothing,3,"1,566.00","2,099.00",533
5/25/2016,Bikes,3,540,653,113
5/25/2016,Clothing,1,234,339,105
5/25/2016,Accessories,2,494,650,156
5/25/2016,Accessories,2,805,"1,069.00",264
5/25/2016,Accessories,1,120,166,46
5/25/2016,Accessories,3,270,294,24
5/25/2016,Accessories,1,665,581,-84
5/25/2016,Accessories,2,770,912,142
5/25/2016,Accessories,2,150,186,36
5/25/2016,Accessories,2,945,"1,199.00",254
5/25/2016,Bikes,3,"1,120.00","1,120.00",0
5/25/2016,Accessories,2,167,189,22
5/25/2016,Accessories,1,210,244,34
5/25/2016,Bikes,3,"2,320.00","2,181.00",-139
5/25/2016,Bikes,3,"2,295.00","2,454.00",159
5/25/2016,Clothing,1,50,60,10
5/25/2016,Clothing,2,465,608,143
5/25/2016,Bikes,3,565,685,120
5/25/2016,Accessories,2,120,180,60
5/25/2016,Accessories,1,30,49,19
5/25/2016,Clothing,3,234,291,57
5/26/2016,Accessories,1,210,249,39
5/26/2016,Accessories,3,75,96,21
5/26/2016,Clothing,1,127,140,13
5/26/2016,Clothing,2,900,"1,049.00",149
5/26/2016,Bikes,3,"2,384.00","2,627.00",243
5/26/2016,Accessories,3,210,274,64
5/26/2016,Clothing,2,540,660,120
5/26/2016,Clothing,2,144,209,65
5/26/2016,Accessories,3,735,936,201
5/26/2016,Accessories,1,11,12,1
5/26/2016,Bikes,1,"2,320.00","2,601.00",281
5/26/2016,Accessories,3,220,213,-7
5/26/2016,Accessories,3,140,146,6
5/26/2016,Accessories,2,72,109,37
5/26/2016,Accessories,3,88,94,6
5/26/2016,Accessories,3,56,75,19
5/26/2016,Accessories,3,330,414,84
5/26/2016,Accessories,3,50,63,13
5/26/2016,Accessories,3,522,655,133
5/26/2016,Accessories,3,630,579,-51
5/26/2016,Bikes,2,"2,295.00","3,056.00",761
5/26/2016,Accessories,3,220,328,108
5/26/2016,Accessories,3,15,24,9
5/26/2016,Bikes,1,"2,295.00","2,613.00",318
5/26/2016,Accessories,3,220,275,55
5/26/2016,Clothing,3,700,"1,115.00",415
5/26/2016,Accessories,3,330,376,46
5/26/2016,Clothing,2,153,201,48
5/26/2016,Accessories,1,125,136,11
5/26/2016,Accessories,3,70,91,21
5/26/2016,Accessories,2,735,915,180
5/26/2016,Accessories,3,20,24,4
5/26/2016,Accessories,2,462,581,119
5/26/2016,Accessories,1,110,133,23
5/26/2016,Accessories,3,473,562,89
5/26/2016,Accessories,1,72,84,12
5/27/2016,Accessories,3,350,521,171
5/27/2016,Accessories,3,385,606,221
5/27/2016,Bikes,1,"2,295.00","2,681.00",386
5/27/2016,Accessories,1,85,105,20
5/27/2016,Accessories,1,700,807,107
5/27/2016,Accessories,1,665,868,203
5/27/2016,Bikes,3,"2,320.00","2,343.00",23
5/27/2016,Accessories,2,385,565,180
5/27/2016,Clothing,1,700,"1,086.00",386
5/27/2016,Accessories,2,475,526,51
5/27/2016,Accessories,2,64,80,16
5/27/2016,Clothing,2,486,706,220
5/27/2016,Bikes,1,"1,701.00","2,372.00",671
5/27/2016,Clothing,2,441,590,149
5/27/2016,Accessories,3,560,695,135
5/27/2016,Accessories,3,66,83,17
5/27/2016,Accessories,3,280,337,57
5/27/2016,Accessories,3,35,44,9
5/27/2016,Clothing,2,637,695,58
5/27/2016,Bikes,1,769,839,70
5/27/2016,Clothing,1,"1,610.00","2,200.00",590
5/27/2016,Bikes,1,"1,120.00","1,142.00",22
5/27/2016,Accessories,2,420,548,128
5/27/2016,Accessories,1,480,643,163
5/27/2016,Accessories,1,95,123,28
5/27/2016,Accessories,1,44,62,18
5/27/2016,Accessories,3,330,405,75
5/28/2016,Accessories,1,528,615,87
5/28/2016,Accessories,3,115,155,40
5/28/2016,Accessories,1,216,315,99
5/28/2016,Accessories,3,115,135,20
5/28/2016,Accessories,1,53,65,12
5/28/2016,Accessories,1,350,402,52
5/28/2016,Accessories,3,64,91,27
5/28/2016,Bikes,2,565,528,-37
5/28/2016,Clothing,2,9,11,2
5/28/2016,Accessories,3,"1,045.00","1,314.00",269
5/28/2016,Accessories,3,207,265,58
5/28/2016,Bikes,2,"2,295.00","2,131.00",-164
5/28/2016,Accessories,1,418,445,27
5/28/2016,Clothing,1,117,129,12
5/28/2016,Bikes,1,"2,320.00","2,150.00",-170
5/28/2016,Bikes,3,"2,320.00","2,318.00",-2
5/28/2016,Bikes,3,"2,443.00","3,616.00",1173
5/28/2016,Accessories,1,18,26,8
5/28/2016,Accessories,1,107,166,59
5/28/2016,Accessories,2,27,42,15
5/28/2016,Accessories,1,210,232,22
5/28/2016,Bikes,3,"2,443.00","2,688.00",245
5/28/2016,Bikes,2,769,814,45
5/28/2016,Accessories,2,105,156,51
5/28/2016,Bikes,2,"2,384.00","2,906.00",522
5/28/2016,Bikes,1,565,776,211
5/28/2016,Accessories,1,300,441,141
5/28/2016,Accessories,3,245,362,117
5/28/2016,Accessories,1,46,75,29
5/29/2016,Accessories,1,315,390,75
5/29/2016,Accessories,2,5,6,1
5/29/2016,Bikes,3,"2,320.00","2,605.00",285
5/29/2016,Accessories,2,450,539,89
5/29/2016,Accessories,3,100,124,24
5/29/2016,Bikes,3,"2,384.00","2,771.00",387
5/29/2016,Clothing,1,117,193,76
5/29/2016,Accessories,2,350,535,185
5/29/2016,Bikes,2,"2,295.00","2,403.00",108
5/29/2016,Bikes,1,"1,701.00","1,928.00",227
5/29/2016,Accessories,2,308,450,142
5/29/2016,Clothing,1,"1,404.00","2,057.00",653
5/29/2016,Bikes,2,"2,295.00","2,721.00",426
5/29/2016,Accessories,2,110,169,59
5/29/2016,Clothing,3,127,139,12
5/29/2016,Accessories,1,242,334,92
5/29/2016,Accessories,1,910,"1,173.00",263
5/29/2016,Accessories,3,150,166,16
5/29/2016,Accessories,1,175,227,52
5/29/2016,Accessories,3,44,60,16
5/29/2016,Accessories,2,359,495,136
5/29/2016,Accessories,3,120,164,44
5/29/2016,Accessories,2,25,35,10
5/29/2016,Accessories,3,22,30,8
5/29/2016,Accessories,3,795,"1,036.00",241
5/29/2016,Accessories,1,76,88,12
5/29/2016,Accessories,3,554,772,218
5/29/2016,Accessories,3,735,"1,047.00",312
5/29/2016,Accessories,1,528,833,305
5/29/2016,Bikes,3,769,752,-17
5/30/2016,Bikes,3,"2,384.00","2,818.00",434
5/30/2016,Bikes,2,769,873,104
5/30/2016,Accessories,1,85,106,21
5/30/2016,Accessories,2,261,310,49
5/30/2016,Accessories,1,100,133,33
5/30/2016,Accessories,3,70,86,16
5/30/2016,Accessories,1,240,274,34
5/30/2016,Bikes,2,"2,295.00","2,474.00",179
5/30/2016,Accessories,2,396,477,81
5/30/2016,Clothing,1,750,850,100
5/30/2016,Accessories,3,245,287,42
5/30/2016,Bikes,3,540,577,37
5/30/2016,Accessories,3,90,108,18
5/30/2016,Accessories,1,450,530,80
5/30/2016,Accessories,1,"1,050.00","1,260.00",210
5/30/2016,Clothing,3,99,148,49
5/30/2016,Accessories,1,44,57,13
5/30/2016,Accessories,1,506,586,80
5/30/2016,Accessories,2,105,167,62
5/30/2016,Accessories,3,480,691,211
5/30/2016,Clothing,1,490,566,76
5/30/2016,Bikes,2,769,781,12
5/30/2016,Clothing,1,220,281,61
5/30/2016,Bikes,2,769,943,174
5/30/2016,Accessories,2,170,279,109
5/30/2016,Accessories,1,665,"1,028.00",363
5/30/2016,Clothing,2,770,858,88
5/30/2016,Bikes,3,"2,295.00","2,134.00",-161
5/30/2016,Accessories,1,315,403,88
5/30/2016,Accessories,1,40,53,13
5/30/2016,Bikes,3,769,854,85
5/30/2016,Accessories,1,140,171,31
5/30/2016,Clothing,1,294,380,86
5/30/2016,Bikes,2,742,806,64
5/31/2016,Accessories,1,90,124,34
5/31/2016,Accessories,1,70,94,24
5/31/2016,Accessories,2,119,133,14
5/31/2016,Accessories,3,700,746,46
5/31/2016,Accessories,3,80,114,34
5/31/2016,Clothing,1,144,218,74
5/31/2016,Accessories,1,910,"1,439.00",529
5/31/2016,Bikes,3,"2,320.00","2,326.00",6
5/31/2016,Accessories,1,560,690,130
5/31/2016,Bikes,1,"1,120.00","1,133.00",13
5/31/2016,Accessories,3,150,209,59
5/31/2016,Bikes,2,"1,701.00","1,980.00",279
5/31/2016,Accessories,2,350,440,90
5/31/2016,Bikes,3,"2,320.00","2,872.00",552
5/31/2016,Accessories,3,700,840,140
5/31/2016,Accessories,2,60,77,17
5/31/2016,Accessories,2,70,89,19
5/31/2016,Accessories,3,240,296,56
5/31/2016,Accessories,1,80,93,13
5/31/2016,Accessories,3,5,6,1
5/31/2016,Accessories,3,15,16,1
5/31/2016,Accessories,3,245,332,87
6/1/2016,Clothing,2,81,94,13
6/1/2016,Bikes,3,"2,295.00","2,479.00",184
6/1/2016,Accessories,2,390,504,114
6/1/2016,Accessories,1,50,60,10
6/1/2016,Bikes,2,540,567,27
6/1/2016,Accessories,2,153,146,-7
6/1/2016,Accessories,1,65,112,47
6/1/2016,Bikes,3,"2,443.00","2,685.00",242
6/1/2016,Accessories,2,199,236,37
6/1/2016,Accessories,3,115,144,29
6/1/2016,Accessories,2,60,77,17
6/1/2016,Bikes,3,540,516,-24
6/1/2016,Accessories,3,117,132,15
6/1/2016,Accessories,3,120,159,39
6/1/2016,Bikes,1,"2,295.00","2,587.00",292
6/1/2016,Accessories,3,22,35,13
6/1/2016,Accessories,1,20,30,10
6/1/2016,Accessories,1,130,178,48
6/1/2016,Accessories,2,385,533,148
6/1/2016,Bikes,3,"1,701.00","1,924.00",223
6/1/2016,Clothing,2,"1,150.00","1,530.00",380
6/1/2016,Bikes,3,"2,295.00","2,534.00",239
6/1/2016,Bikes,2,"1,701.00","2,173.00",472
6/1/2016,Accessories,3,700,998,298
6/1/2016,Accessories,1,525,666,141
6/1/2016,Bikes,2,"1,701.00","2,119.00",418
6/1/2016,Bikes,1,"2,295.00","2,253.00",-42
6/1/2016,Accessories,1,140,173,33
6/1/2016,Accessories,2,10,12,2
6/1/2016,Clothing,3,700,787,87
6/1/2016,Accessories,3,35,42,7
6/2/2016,Bikes,3,742,754,12
6/2/2016,Clothing,1,350,382,32
6/2/2016,Clothing,2,"1,150.00","1,614.00",464
6/2/2016,Accessories,2,191,242,51
6/2/2016,Accessories,2,140,196,56
6/2/2016,Accessories,2,910,"1,402.00",492
6/2/2016,Accessories,1,396,439,43
6/2/2016,Accessories,1,659,860,201
6/2/2016,Accessories,3,506,630,124
6/2/2016,Clothing,2,"1,150.00","1,586.00",436
6/2/2016,Clothing,2,"1,651.00","1,988.00",337
6/2/2016,Accessories,3,350,436,86
6/2/2016,Clothing,2,117,155,38
6/2/2016,Accessories,3,21,28,7
6/2/2016,Bikes,2,540,717,177
6/2/2016,Accessories,1,290,423,133
6/2/2016,Bikes,2,769,846,77
6/2/2016,Clothing,1,"1,512.00","1,710.00",198
6/3/2016,Bikes,3,742,716,-26
6/3/2016,Bikes,2,"1,120.00","1,074.00",-46
6/3/2016,Accessories,3,159,217,58
6/3/2016,Accessories,1,280,342,62
6/3/2016,Accessories,3,80,94,14
6/3/2016,Bikes,2,"2,320.00","2,318.00",-2
6/3/2016,Accessories,2,840,"1,098.00",258
6/3/2016,Bikes,3,"2,320.00","2,255.00",-65
6/3/2016,Accessories,1,330,435,105
6/3/2016,Bikes,2,540,538,-2
6/3/2016,Accessories,3,308,348,40
6/3/2016,Bikes,1,769,881,112
6/3/2016,Bikes,2,"2,295.00","2,354.00",59
6/3/2016,Accessories,3,300,420,120
6/3/2016,Accessories,2,150,188,38
6/3/2016,Accessories,2,175,209,34
6/3/2016,Clothing,2,"1,450.00","2,066.00",616
6/3/2016,Clothing,2,"2,100.00","2,593.00",493
6/3/2016,Clothing,3,98,118,20
6/3/2016,Accessories,1,65,85,20
6/3/2016,Accessories,3,750,943,193
6/3/2016,Accessories,1,53,62,9
6/3/2016,Clothing,2,441,617,176
6/4/2016,Accessories,2,130,153,23
6/4/2016,Accessories,3,725,973,248
6/4/2016,Accessories,2,100,120,20
6/4/2016,Accessories,1,105,143,38
6/4/2016,Accessories,1,242,301,59
6/4/2016,Clothing,1,"1,016.00","1,287.00",271
6/4/2016,Bikes,3,"2,320.00","1,820.00",-500
6/4/2016,Clothing,1,72,91,19
6/4/2016,Bikes,1,"2,384.00","3,044.00",660
6/4/2016,Accessories,2,352,430,78
6/4/2016,Accessories,3,560,663,103
6/4/2016,Bikes,2,540,571,31
6/4/2016,Accessories,1,374,468,94
6/4/2016,Accessories,1,595,660,65
6/4/2016,Accessories,1,75,96,21
6/4/2016,Accessories,1,120,110,-10
6/4/2016,Accessories,1,290,245,-45
6/4/2016,Accessories,3,64,58,-6
6/4/2016,Clothing,3,140,172,32
6/5/2016,Bikes,1,742,677,-65
6/5/2016,Accessories,2,105,135,30
6/5/2016,Bikes,2,"2,320.00","2,468.00",148
6/5/2016,Accessories,2,25,34,9
6/5/2016,Accessories,1,231,288,57
6/5/2016,Accessories,2,90,129,39
6/5/2016,Clothing,2,171,242,71
6/5/2016,Accessories,2,225,371,146
6/5/2016,Clothing,2,486,566,80
6/5/2016,Clothing,2,702,876,174
6/5/2016,Accessories,2,95,125,30
6/5/2016,Bikes,1,742,822,80
6/5/2016,Accessories,3,99,122,23
6/5/2016,Accessories,2,80,108,28
6/5/2016,Bikes,2,"2,320.00","2,484.00",164
6/5/2016,Accessories,1,70,90,20
6/5/2016,Accessories,2,30,48,18
6/5/2016,Accessories,2,754,939,185
6/5/2016,Accessories,3,40,47,7
6/5/2016,Accessories,3,34,43,9
6/5/2016,Accessories,2,"1,800.00","2,049.00",249
6/5/2016,Accessories,1,462,578,116
6/5/2016,Accessories,1,770,834,64
6/5/2016,Bikes,3,"2,320.00","2,968.00",648
6/5/2016,Accessories,1,315,506,191
6/5/2016,Accessories,1,5,8,3
6/5/2016,Accessories,2,"1,050.00","1,606.00",556
6/5/2016,Accessories,1,150,199,49
6/5/2016,Accessories,1,232,276,44
6/5/2016,Bikes,3,"2,320.00","2,982.00",662
6/5/2016,Accessories,2,110,167,57
6/5/2016,Accessories,3,560,834,274
6/5/2016,Accessories,3,80,106,26
6/5/2016,Accessories,1,7,8,1
6/5/2016,Accessories,1,418,520,102
6/5/2016,Clothing,2,45,50,5
6/5/2016,Accessories,3,385,488,103
6/5/2016,Accessories,2,242,275,33
6/5/2016,Bikes,1,"2,295.00","2,575.00",280
6/5/2016,Bikes,2,"1,120.00","1,490.00",370
6/5/2016,Accessories,1,"1,431.00","1,901.00",470
6/6/2016,Accessories,3,264,286,22
6/6/2016,Accessories,1,69,86,17
6/6/2016,Clothing,1,200,256,56
6/6/2016,Accessories,3,25,33,8
6/6/2016,Accessories,1,665,826,161
6/6/2016,Accessories,3,44,54,10
6/6/2016,Accessories,2,125,140,15
6/6/2016,Accessories,2,29,35,6
6/6/2016,Clothing,1,637,808,171
6/6/2016,Bikes,3,"1,701.00","2,005.00",304
6/6/2016,Clothing,1,72,107,35
6/6/2016,Clothing,1,648,871,223
6/6/2016,Bikes,3,"2,295.00","2,603.00",308
6/6/2016,Accessories,1,10,12,2
6/6/2016,Accessories,2,60,80,20
6/6/2016,Bikes,2,540,779,239
6/6/2016,Accessories,2,171,248,77
6/6/2016,Accessories,1,15,23,8
6/6/2016,Accessories,2,70,90,20
6/6/2016,Bikes,1,"2,320.00","2,086.00",-234
6/6/2016,Accessories,1,600,881,281
6/6/2016,Bikes,1,540,507,-33
6/6/2016,Bikes,2,"2,320.00","2,752.00",432
6/6/2016,Bikes,1,"2,295.00","2,672.00",377
6/6/2016,Bikes,2,"2,295.00","3,084.00",789
6/6/2016,Accessories,1,910,"1,351.00",441
6/6/2016,Bikes,1,"2,295.00","2,946.00",651
6/6/2016,Accessories,1,220,210,-10
6/6/2016,Accessories,1,80,69,-11
6/6/2016,Accessories,3,420,359,-61
6/6/2016,Clothing,3,126,169,43
6/6/2016,Accessories,2,500,664,164
6/6/2016,Bikes,1,769,783,14
6/6/2016,Accessories,1,105,123,18
6/6/2016,Accessories,1,960,"1,444.00",484
6/6/2016,Clothing,1,147,213,66
6/6/2016,Bikes,3,"1,701.00","1,739.00",38
6/6/2016,Clothing,1,300,370,70
6/6/2016,Accessories,1,455,540,85
6/6/2016,Bikes,3,"2,320.00","2,558.00",238
6/6/2016,Accessories,3,240,313,73
6/6/2016,Accessories,1,360,453,93
6/6/2016,Accessories,2,700,925,225
6/6/2016,Accessories,2,475,607,132
6/6/2016,Accessories,3,120,169,49
6/6/2016,Accessories,3,841,"1,185.00",344
6/7/2016,Accessories,1,116,129,13
6/7/2016,Accessories,2,86,127,41
6/7/2016,Accessories,2,80,98,18
6/7/2016,Accessories,1,225,298,73
6/7/2016,Accessories,2,23,30,7
6/7/2016,Accessories,3,665,758,93
6/7/2016,Bikes,2,"1,120.00","1,207.00",87
6/7/2016,Clothing,3,450,734,284
6/7/2016,Bikes,1,"2,320.00","2,478.00",158
6/7/2016,Accessories,2,80,97,17
6/7/2016,Accessories,1,840,"1,084.00",244
6/7/2016,Bikes,1,769,878,109
6/7/2016,Accessories,3,945,"1,255.00",310
6/7/2016,Bikes,3,"2,320.00","2,450.00",130
6/7/2016,Accessories,1,110,145,35
6/7/2016,Accessories,1,176,210,34
6/7/2016,Bikes,3,"2,295.00","2,181.00",-114
6/7/2016,Accessories,2,22,28,6
6/7/2016,Accessories,2,910,"1,233.00",323
6/7/2016,Clothing,3,539,695,156
6/7/2016,Bikes,2,"2,295.00","2,572.00",277
6/7/2016,Bikes,3,"2,320.00","2,846.00",526
6/7/2016,Accessories,3,27,37,10
6/7/2016,Bikes,2,"2,295.00","2,853.00",558
6/7/2016,Accessories,2,66,80,14
6/7/2016,Accessories,3,110,141,31
6/7/2016,Accessories,2,528,588,60
6/7/2016,Clothing,2,234,297,63
6/7/2016,Accessories,3,176,233,57
6/7/2016,Accessories,2,170,208,38
6/7/2016,Accessories,1,80,89,9
6/7/2016,Bikes,3,"2,384.00","2,960.00",576
6/7/2016,Accessories,1,100,120,20
6/7/2016,Accessories,3,420,564,144
6/7/2016,Bikes,1,"2,295.00","2,256.00",-39
6/7/2016,Accessories,3,105,135,30
6/7/2016,Accessories,2,900,"1,089.00",189
6/7/2016,Bikes,3,565,545,-20
6/7/2016,Clothing,3,350,389,39
6/7/2016,Accessories,1,198,242,44
6/7/2016,Accessories,3,700,861,161
6/7/2016,Accessories,1,286,401,115
6/8/2016,Accessories,1,385,498,113
6/8/2016,Clothing,3,50,66,16
6/8/2016,Accessories,1,750,874,124
6/8/2016,Accessories,3,52,64,12
6/8/2016,Accessories,3,35,43,8
6/8/2016,Accessories,1,490,621,131
6/8/2016,Bikes,2,"1,120.00","1,154.00",34
6/8/2016,Clothing,1,147,190,43
6/8/2016,Clothing,1,207,244,37
6/8/2016,Accessories,1,571,713,142
6/8/2016,Accessories,2,270,335,65
6/8/2016,Accessories,1,50,62,12
6/8/2016,Accessories,1,"1,080.00","1,307.00",227
6/8/2016,Bikes,2,"2,384.00","3,144.00",760
6/8/2016,Accessories,1,770,"1,133.00",363
6/8/2016,Accessories,1,593,724,131
6/8/2016,Bikes,3,"2,295.00","2,150.00",-145
6/8/2016,Accessories,2,659,806,147
6/8/2016,Bikes,2,540,717,177
6/8/2016,Clothing,1,225,307,82
6/8/2016,Accessories,3,570,756,186
6/8/2016,Accessories,1,48,56,8
6/8/2016,Accessories,1,125,160,35
6/8/2016,Accessories,1,245,326,81
6/8/2016,Accessories,1,490,593,103
6/8/2016,Clothing,1,81,93,12
6/8/2016,Accessories,2,120,160,40
6/8/2016,Bikes,3,"2,295.00","2,367.00",72
6/8/2016,Clothing,2,63,79,16
6/9/2016,Clothing,2,600,768,168
6/9/2016,Bikes,2,540,564,24
6/9/2016,Bikes,2,"2,384.00","2,550.00",166
6/9/2016,Accessories,3,110,146,36
6/9/2016,Accessories,3,132,177,45
6/9/2016,Bikes,2,"2,320.00","2,369.00",49
6/9/2016,Accessories,1,125,167,42
6/9/2016,Accessories,3,245,299,54
6/9/2016,Clothing,3,9,11,2
6/9/2016,Clothing,1,270,344,74
6/9/2016,Clothing,2,36,44,8
6/9/2016,Accessories,3,125,157,32
6/9/2016,Accessories,2,234,285,51
6/9/2016,Accessories,3,360,474,114
6/9/2016,Accessories,2,15,19,4
6/9/2016,Bikes,3,"2,295.00","2,385.00",90
6/9/2016,Bikes,1,540,712,172
6/9/2016,Accessories,2,344,529,185
6/9/2016,Accessories,2,770,948,178
6/9/2016,Accessories,3,60,99,39
6/9/2016,Accessories,3,228,331,103
6/9/2016,Accessories,2,30,32,2
6/9/2016,Accessories,2,30,37,7
6/9/2016,Accessories,3,64,84,20
6/9/2016,Accessories,3,100,161,61
6/9/2016,Bikes,2,"2,295.00","2,309.00",14
6/9/2016,Accessories,2,528,603,75
6/9/2016,Accessories,1,25,30,5
6/9/2016,Accessories,3,700,991,291
6/9/2016,Accessories,1,85,116,31
6/10/2016,Clothing,3,661,809,148
6/10/2016,Accessories,3,41,52,11
6/10/2016,Accessories,3,72,96,24
6/10/2016,Accessories,1,210,231,21
6/10/2016,Accessories,2,300,387,87
6/10/2016,Accessories,1,120,148,28
6/10/2016,Clothing,3,225,302,77
6/10/2016,Bikes,3,"1,701.00","1,760.00",59
6/10/2016,Bikes,2,"2,295.00","2,201.00",-94
6/10/2016,Bikes,2,"2,295.00","2,457.00",162
6/10/2016,Accessories,3,700,822,122
6/10/2016,Accessories,3,455,567,112
6/10/2016,Accessories,3,135,157,22
6/10/2016,Accessories,1,105,134,29
6/10/2016,Clothing,1,350,415,65
6/10/2016,Accessories,3,150,208,58
6/10/2016,Accessories,3,10,13,3
6/10/2016,Clothing,3,420,458,38
6/11/2016,Bikes,1,769,875,106
6/11/2016,Accessories,3,28,33,5
6/11/2016,Accessories,3,228,321,93
6/11/2016,Clothing,3,539,643,104
6/11/2016,Accessories,1,"1,050.00","1,234.00",184
6/11/2016,Accessories,3,53,71,18
6/11/2016,Accessories,3,550,622,72
6/11/2016,Accessories,3,23,28,5
6/11/2016,Bikes,2,"1,701.00","1,649.00",-52
6/11/2016,Accessories,2,150,195,45
6/11/2016,Accessories,1,261,335,74
6/11/2016,Accessories,1,175,232,57
6/11/2016,Bikes,3,540,618,78
6/11/2016,Clothing,2,441,593,152
6/11/2016,Bikes,3,769,793,24
6/11/2016,Accessories,2,210,245,35
6/11/2016,Clothing,1,150,239,89
6/11/2016,Accessories,3,595,948,353
6/11/2016,Accessories,2,5,8,3
6/11/2016,Accessories,1,700,"1,161.00",461
6/11/2016,Clothing,3,270,431,161
6/11/2016,Accessories,2,66,81,15
6/11/2016,Accessories,1,550,660,110
6/11/2016,Clothing,3,"1,404.00","1,686.00",282
6/11/2016,Bikes,1,769,842,73
6/11/2016,Bikes,3,"2,295.00","2,831.00",536
6/11/2016,Accessories,1,396,591,195
6/11/2016,Clothing,1,"1,450.00","2,118.00",668
6/11/2016,Accessories,1,35,43,8
6/11/2016,Clothing,1,63,71,8
6/11/2016,Accessories,1,90,118,28
6/11/2016,Bikes,3,540,621,81
6/11/2016,Accessories,3,5,7,2
6/11/2016,Bikes,1,540,691,151
6/11/2016,Accessories,1,72,75,3
6/11/2016,Accessories,1,105,89,-16
6/11/2016,Accessories,2,111,182,71
6/11/2016,Clothing,3,539,678,139
6/11/2016,Bikes,2,769,"1,001.00",232
6/11/2016,Clothing,3,50,75,25
6/11/2016,Bikes,2,"2,295.00","2,549.00",254
6/11/2016,Accessories,1,270,372,102
6/11/2016,Accessories,2,25,33,8
6/11/2016,Accessories,1,350,419,69
6/11/2016,Accessories,3,154,203,49
6/11/2016,Accessories,1,455,633,178
6/11/2016,Bikes,2,"2,443.00","2,688.00",245
6/11/2016,Accessories,1,18,17,-1
6/11/2016,Accessories,1,35,56,21
6/11/2016,Accessories,2,"1,050.00","1,623.00",573
6/11/2016,Clothing,1,"1,500.00","1,889.00",389
6/11/2016,Clothing,1,171,180,9
6/12/2016,Accessories,1,100,136,36
6/12/2016,Bikes,1,742,758,16
6/12/2016,Accessories,2,25,31,6
6/12/2016,Accessories,1,80,103,23
6/12/2016,Bikes,3,"2,320.00","2,930.00",610
6/12/2016,Accessories,2,330,506,176
6/12/2016,Accessories,2,180,230,50
6/12/2016,Accessories,1,40,45,5
6/12/2016,Clothing,2,243,252,9
6/12/2016,Accessories,3,110,134,24
6/12/2016,Accessories,2,154,191,37
6/12/2016,Clothing,1,99,114,15
6/12/2016,Accessories,2,85,109,24
6/12/2016,Accessories,2,10,12,2
6/12/2016,Accessories,1,595,760,165
6/12/2016,Accessories,1,88,100,12
6/12/2016,Accessories,3,625,785,160
6/12/2016,Accessories,2,571,738,167
6/12/2016,Accessories,1,5,6,1
6/12/2016,Accessories,3,571,679,108
6/13/2016,Accessories,3,805,"1,004.00",199
6/13/2016,Bikes,2,"2,384.00","2,501.00",117
6/13/2016,Accessories,1,945,"1,232.00",287
6/13/2016,Bikes,3,"2,443.00","3,419.00",976
6/13/2016,Accessories,3,54,76,22
6/13/2016,Accessories,2,88,107,19
6/13/2016,Accessories,3,50,70,20
6/13/2016,Accessories,1,35,43,8
6/13/2016,Accessories,1,162,187,25
6/13/2016,Bikes,2,"2,295.00","2,189.00",-106
6/13/2016,Accessories,3,25,34,9
6/13/2016,Bikes,2,"2,384.00","2,882.00",498
6/13/2016,Clothing,2,270,465,195
6/13/2016,Bikes,1,"2,295.00","2,382.00",87
6/13/2016,Clothing,3,245,294,49
6/13/2016,Accessories,1,440,499,59
6/13/2016,Accessories,1,506,648,142
6/13/2016,Clothing,1,"1,651.00","1,951.00",300
6/13/2016,Bikes,2,540,550,10
6/13/2016,Accessories,3,"1,015.00","1,398.00",383
6/13/2016,Bikes,3,"1,120.00","1,362.00",242
6/13/2016,Bikes,2,769,"1,129.00",360
6/13/2016,Clothing,1,70,90,20
6/13/2016,Clothing,1,100,128,28
6/13/2016,Accessories,1,44,69,25
6/13/2016,Clothing,2,64,83,19
6/14/2016,Accessories,1,"1,050.00","1,247.00",197
6/14/2016,Accessories,2,385,525,140
6/14/2016,Accessories,3,593,704,111
6/14/2016,Clothing,3,100,120,20
6/14/2016,Accessories,3,782,"1,109.00",327
6/14/2016,Bikes,2,"2,295.00","3,072.00",777
6/14/2016,Accessories,1,100,154,54
6/14/2016,Accessories,3,"1,050.00","1,618.00",568
6/14/2016,Bikes,1,"1,215.00","1,294.00",79
6/14/2016,Accessories,1,440,514,74
6/14/2016,Accessories,1,245,304,59
6/14/2016,Accessories,1,506,641,135
6/14/2016,Accessories,3,174,214,40
6/14/2016,Accessories,3,10,11,1
6/14/2016,Accessories,3,18,23,5
6/14/2016,Accessories,2,130,169,39
6/14/2016,Bikes,2,"2,295.00","2,990.00",695
6/14/2016,Accessories,1,50,81,31
6/14/2016,Accessories,3,135,206,71
6/14/2016,Accessories,1,264,318,54
6/14/2016,Accessories,1,374,479,105
6/14/2016,Clothing,3,72,84,12
6/14/2016,Accessories,3,630,805,175
6/14/2016,Bikes,1,"1,120.00","1,293.00",173
6/14/2016,Accessories,3,108,138,30
6/14/2016,Accessories,3,145,199,54
6/14/2016,Accessories,3,175,202,27
6/14/2016,Accessories,1,735,"1,154.00",419
6/14/2016,Bikes,1,"2,295.00","2,493.00",198
6/14/2016,Bikes,2,540,699,159
6/14/2016,Accessories,2,120,193,73
6/14/2016,Accessories,1,261,397,136
6/14/2016,Accessories,3,770,"1,205.00",435
6/14/2016,Clothing,2,700,"1,066.00",366
6/14/2016,Bikes,1,"1,120.00","1,086.00",-34
6/14/2016,Clothing,3,144,217,73
6/14/2016,Bikes,1,"1,701.00","1,584.00",-117
6/14/2016,Bikes,3,"1,701.00","1,607.00",-94
6/14/2016,Clothing,3,"1,242.00","1,774.00",532
6/14/2016,Bikes,2,"1,215.00","1,220.00",5
6/14/2016,Clothing,2,270,311,41
6/14/2016,Accessories,3,352,481,129
6/14/2016,Accessories,1,630,778,148
6/14/2016,Accessories,3,"1,015.00","1,121.00",106
6/15/2016,Accessories,1,111,129,18
6/15/2016,Bikes,1,"2,384.00","2,446.00",62
6/15/2016,Bikes,2,"2,295.00","2,440.00",145
6/15/2016,Clothing,3,225,261,36
6/15/2016,Clothing,1,"1,200.00","1,553.00",353
6/15/2016,Clothing,2,36,50,14
6/15/2016,Bikes,3,769,826,57
6/15/2016,Bikes,1,"2,320.00","2,796.00",476
6/15/2016,Accessories,2,110,149,39
6/15/2016,Accessories,3,20,33,13
6/15/2016,Clothing,1,144,215,71
6/15/2016,Accessories,2,455,716,261
6/15/2016,Bikes,3,"2,295.00","2,802.00",507
6/15/2016,Clothing,2,153,242,89
6/15/2016,Accessories,2,135,197,62
6/15/2016,Accessories,1,210,301,91
6/15/2016,Clothing,3,162,237,75
6/15/2016,Accessories,1,125,157,32
6/15/2016,Bikes,1,"2,295.00","2,626.00",331
6/15/2016,Accessories,2,39,46,7
6/15/2016,Accessories,3,220,295,75
6/15/2016,Accessories,3,280,338,58
6/15/2016,Accessories,2,154,253,99
6/15/2016,Accessories,1,"2,040.00","2,237.00",197
6/15/2016,Accessories,3,440,501,61
6/15/2016,Clothing,3,147,185,38
6/15/2016,Bikes,2,540,674,134
6/15/2016,Clothing,2,27,35,8
6/16/2016,Accessories,1,315,382,67
6/16/2016,Bikes,1,742,737,-5
6/16/2016,Accessories,3,210,269,59
6/16/2016,Clothing,1,686,734,48
6/16/2016,Accessories,2,41,56,15
6/16/2016,Accessories,2,40,45,5
6/16/2016,Clothing,3,122,144,22
6/16/2016,Accessories,1,"1,155.00","1,344.00",189
6/16/2016,Bikes,3,769,837,68
6/16/2016,Clothing,1,400,467,67
6/16/2016,Bikes,2,"2,295.00","2,199.00",-96
6/16/2016,Accessories,1,120,192,72
6/16/2016,Accessories,3,108,126,18
6/16/2016,Accessories,1,64,72,8
6/16/2016,Accessories,3,418,487,69
6/16/2016,Bikes,1,"2,384.00","3,240.00",856
6/16/2016,Accessories,1,115,149,34
6/16/2016,Accessories,3,81,100,19
6/16/2016,Accessories,3,50,63,13
6/16/2016,Accessories,2,980,"1,174.00",194
6/16/2016,Clothing,2,588,684,96
6/16/2016,Accessories,1,66,78,12
6/16/2016,Bikes,3,769,"1,221.00",452
6/16/2016,Clothing,3,"1,400.00","1,546.00",146
6/16/2016,Accessories,2,80,99,19
6/16/2016,Accessories,3,40,54,14
6/16/2016,Accessories,1,105,120,15
6/16/2016,Accessories,2,116,143,27
6/16/2016,Clothing,1,269,341,72
6/16/2016,Accessories,1,455,524,69
6/17/2016,Bikes,2,540,496,-44
6/17/2016,Bikes,2,540,579,39
6/17/2016,Clothing,2,117,124,7
6/17/2016,Bikes,3,"2,320.00","2,522.00",202
6/17/2016,Bikes,2,"2,384.00","2,083.00",-301
6/17/2016,Clothing,1,"1,350.00","1,633.00",283
6/17/2016,Accessories,3,315,339,24
6/17/2016,Accessories,2,840,"1,128.00",288
6/17/2016,Accessories,3,522,681,159
6/17/2016,Accessories,3,116,137,21
6/17/2016,Accessories,1,70,83,13
6/17/2016,Accessories,2,90,118,28
6/17/2016,Accessories,3,234,291,57
6/17/2016,Accessories,2,20,31,11
6/17/2016,Accessories,3,140,212,72
6/17/2016,Accessories,1,595,876,281
6/17/2016,Bikes,1,"2,295.00","2,112.00",-183
6/17/2016,Accessories,3,5,6,1
6/17/2016,Accessories,3,420,543,123
6/17/2016,Accessories,2,200,219,19
6/17/2016,Clothing,2,710,"1,011.00",301
6/17/2016,Accessories,2,385,517,132
6/17/2016,Accessories,2,840,"1,079.00",239
6/17/2016,Accessories,3,57,75,18
6/17/2016,Accessories,3,352,579,227
6/17/2016,Accessories,3,980,"1,443.00",463
6/17/2016,Bikes,1,"2,320.00","2,935.00",615
6/17/2016,Accessories,2,150,185,35
6/17/2016,Accessories,1,35,48,13
6/17/2016,Accessories,2,225,305,80
6/17/2016,Accessories,1,5,5,0
6/17/2016,Accessories,2,595,789,194
6/17/2016,Accessories,3,400,484,84
6/17/2016,Accessories,1,40,51,11
6/17/2016,Accessories,2,840,"1,016.00",176
6/17/2016,Bikes,1,"2,320.00","2,279.00",-41
6/18/2016,Bikes,1,"2,384.00","2,432.00",48
6/18/2016,Accessories,3,25,32,7
6/18/2016,Accessories,1,406,460,54
6/18/2016,Accessories,2,62,76,14
6/18/2016,Clothing,2,650,845,195
6/18/2016,Accessories,2,24,30,6
6/18/2016,Bikes,1,"1,701.00","1,693.00",-8
6/18/2016,Accessories,2,70,94,24
6/18/2016,Accessories,3,105,122,17
6/18/2016,Accessories,1,510,688,178
6/18/2016,Clothing,3,"1,500.00","1,883.00",383
6/18/2016,Accessories,3,805,"1,237.00",432
6/18/2016,Clothing,1,54,78,24
6/18/2016,Clothing,3,162,196,34
6/18/2016,Accessories,1,210,296,86
6/18/2016,Clothing,2,441,640,199
6/18/2016,Bikes,3,"1,701.00","1,769.00",68
6/18/2016,Accessories,3,980,"1,336.00",356
6/18/2016,Bikes,3,540,647,107
6/18/2016,Accessories,2,120,155,35
6/18/2016,Accessories,3,286,372,86
6/18/2016,Bikes,2,"2,443.00","3,052.00",609
6/18/2016,Bikes,3,"2,295.00","2,716.00",421
6/18/2016,Accessories,3,780,978,198
6/18/2016,Clothing,3,"1,188.00","1,902.00",714
6/18/2016,Accessories,3,25,33,8
6/18/2016,Accessories,2,37,44,7
6/18/2016,Bikes,1,769,804,35
6/18/2016,Bikes,2,"2,295.00","2,518.00",223
6/18/2016,Accessories,3,374,478,104
6/18/2016,Bikes,2,769,"1,010.00",241
6/18/2016,Accessories,1,900,"1,430.00",530
6/18/2016,Accessories,1,150,209,59
6/18/2016,Accessories,1,57,92,35
6/19/2016,Accessories,3,34,42,8
6/19/2016,Accessories,3,120,190,70
6/19/2016,Accessories,1,700,"1,123.00",423
6/19/2016,Accessories,1,7,8,1
6/19/2016,Accessories,3,5,6,1
6/19/2016,Accessories,3,420,466,46
6/19/2016,Accessories,2,140,179,39
6/19/2016,Accessories,1,25,30,5
6/19/2016,Clothing,2,594,726,132
6/19/2016,Clothing,2,126,136,10
6/19/2016,Accessories,1,22,25,3
6/19/2016,Accessories,1,56,72,16
6/19/2016,Bikes,1,"2,384.00","2,635.00",251
6/19/2016,Clothing,1,90,98,8
6/19/2016,Bikes,2,540,680,140
6/19/2016,Bikes,3,769,864,95
6/19/2016,Clothing,1,150,170,20
6/19/2016,Clothing,1,189,253,64
6/19/2016,Accessories,3,875,"1,010.00",135
6/19/2016,Bikes,3,769,749,-20
6/19/2016,Bikes,3,"2,384.00","2,347.00",-37
6/19/2016,Bikes,2,"2,320.00","2,721.00",401
6/19/2016,Accessories,3,9,11,2
6/19/2016,Bikes,3,"2,320.00","2,381.00",61
6/19/2016,Accessories,3,176,221,45
6/19/2016,Accessories,2,875,"1,099.00",224
6/19/2016,Accessories,2,630,713,83
6/19/2016,Bikes,2,"1,701.00","1,786.00",85
6/19/2016,Accessories,3,70,84,14
6/19/2016,Bikes,2,"1,120.00","1,129.00",9
6/19/2016,Accessories,2,7,8,1
6/19/2016,Accessories,3,36,44,8
6/19/2016,Accessories,3,25,33,8
6/19/2016,Bikes,1,"2,384.00","2,605.00",221
6/19/2016,Accessories,2,75,99,24
6/19/2016,Accessories,2,81,98,17
6/19/2016,Accessories,2,875,"1,162.00",287
6/19/2016,Accessories,1,50,64,14
6/19/2016,Accessories,1,308,398,90
6/19/2016,Accessories,1,50,59,9
6/19/2016,Clothing,1,243,298,55
6/19/2016,Accessories,3,55,63,8
6/19/2016,Accessories,1,90,113,23
6/19/2016,Clothing,1,"1,680.00","2,032.00",352
6/19/2016,Accessories,2,135,187,52
6/20/2016,Bikes,1,742,757,15
6/20/2016,Accessories,1,593,633,40
6/20/2016,Accessories,3,575,714,139
6/20/2016,Accessories,2,57,71,14
6/20/2016,Accessories,1,50,61,11
6/20/2016,Clothing,3,756,875,119
6/20/2016,Clothing,3,63,80,17
6/20/2016,Clothing,2,650,780,130
6/20/2016,Bikes,2,"2,320.00","2,050.00",-270
6/20/2016,Accessories,2,490,763,273
6/20/2016,Accessories,3,198,249,51
6/20/2016,Accessories,1,602,851,249
6/20/2016,Bikes,3,540,537,-3
6/20/2016,Accessories,2,96,124,28
6/20/2016,Accessories,2,66,80,14
6/20/2016,Accessories,1,462,540,78
6/20/2016,Bikes,1,"2,295.00","2,893.00",598
6/20/2016,Accessories,2,240,265,25
6/20/2016,Accessories,2,140,224,84
6/20/2016,Accessories,3,595,662,67
6/20/2016,Accessories,2,"1,045.00","1,428.00",383
6/20/2016,Bikes,1,742,964,222
6/20/2016,Accessories,2,280,359,79
6/20/2016,Accessories,2,198,254,56
6/20/2016,Accessories,1,330,548,218
6/20/2016,Clothing,2,450,603,153
6/20/2016,Clothing,1,392,593,201
6/20/2016,Accessories,2,95,106,11
6/21/2016,Bikes,2,"2,295.00","3,312.00",1017
6/21/2016,Accessories,3,810,939,129
6/21/2016,Accessories,1,55,59,4
6/21/2016,Accessories,2,32,42,10
6/21/2016,Accessories,2,30,41,11
6/21/2016,Accessories,2,720,903,183
6/21/2016,Accessories,2,145,174,29
6/21/2016,Accessories,2,70,86,16
6/21/2016,Accessories,3,150,169,19
6/21/2016,Clothing,2,450,620,170
6/21/2016,Clothing,3,198,316,118
6/21/2016,Accessories,1,770,"1,211.00",441
6/21/2016,Accessories,3,100,130,30
6/21/2016,Accessories,1,725,912,187
6/21/2016,Clothing,1,49,59,10
6/21/2016,Accessories,3,207,242,35
6/21/2016,Bikes,3,540,608,68
6/21/2016,Bikes,2,540,611,71
6/21/2016,Accessories,2,105,126,21
6/21/2016,Accessories,2,220,292,72
6/21/2016,Clothing,1,560,750,190
6/21/2016,Bikes,1,"2,295.00","2,489.00",194
6/21/2016,Accessories,3,10,14,4
6/21/2016,Accessories,3,80,102,22
6/21/2016,Bikes,1,"2,320.00","2,579.00",259
6/21/2016,Clothing,1,90,114,24
6/21/2016,Accessories,3,44,52,8
6/22/2016,Accessories,2,16,20,4
6/22/2016,Accessories,2,5,6,1
6/22/2016,Accessories,3,60,72,12
6/22/2016,Accessories,2,700,769,69
6/22/2016,Accessories,1,111,166,55
6/22/2016,Bikes,1,742,675,-67
6/22/2016,Accessories,3,875,"1,058.00",183
6/22/2016,Accessories,1,11,13,2
6/22/2016,Accessories,3,36,45,9
6/22/2016,Accessories,1,815,"1,041.00",226
6/22/2016,Clothing,2,864,"1,018.00",154
6/22/2016,Clothing,3,180,219,39
6/22/2016,Bikes,3,"2,443.00","3,404.00",961
6/22/2016,Accessories,2,495,639,144
6/22/2016,Bikes,3,"2,295.00","2,988.00",693
6/22/2016,Accessories,2,667,859,192
6/22/2016,Accessories,1,55,67,12
6/22/2016,Accessories,2,630,908,278
6/22/2016,Accessories,1,945,"1,428.00",483
6/22/2016,Clothing,1,200,317,117
6/22/2016,Clothing,2,90,137,47
6/22/2016,Accessories,3,120,140,20
6/22/2016,Accessories,3,175,222,47
6/22/2016,Bikes,3,540,618,78
6/22/2016,Accessories,1,770,999,229
6/22/2016,Accessories,2,609,767,158
6/22/2016,Accessories,1,150,178,28
6/22/2016,Accessories,1,50,68,18
6/22/2016,Bikes,3,"2,295.00","2,596.00",301
6/22/2016,Bikes,3,"2,320.00","2,595.00",275
6/22/2016,Bikes,1,"2,320.00","2,526.00",206
6/22/2016,Accessories,2,595,698,103
6/22/2016,Accessories,1,95,117,22
6/22/2016,Clothing,3,225,259,34
6/22/2016,Bikes,1,"2,320.00","2,407.00",87
6/22/2016,Clothing,2,64,84,20
6/22/2016,Clothing,3,826,"1,095.00",269
6/22/2016,Bikes,3,"2,320.00","2,487.00",167
6/22/2016,Accessories,1,200,275,75
6/22/2016,Accessories,1,210,266,56
6/22/2016,Accessories,2,659,732,73
6/22/2016,Clothing,3,800,863,63
6/22/2016,Clothing,1,686,841,155
6/22/2016,Accessories,1,175,252,77
6/22/2016,Accessories,3,25,36,11
6/22/2016,Accessories,1,154,240,86
6/22/2016,Clothing,1,850,"1,367.00",517
6/22/2016,Bikes,1,"2,320.00","2,309.00",-11
6/22/2016,Accessories,2,280,361,81
6/22/2016,Accessories,1,85,98,13
6/22/2016,Accessories,2,88,107,19
6/22/2016,Clothing,1,207,246,39
6/22/2016,Bikes,3,"2,320.00","2,676.00",356
6/22/2016,Accessories,1,120,141,21
6/22/2016,Accessories,1,50,65,15
6/22/2016,Accessories,2,525,711,186
6/23/2016,Clothing,3,378,549,171
6/23/2016,Accessories,3,228,283,55
6/23/2016,Accessories,2,28,35,7
6/23/2016,Accessories,3,455,627,172
6/23/2016,Clothing,3,135,162,27
6/23/2016,Clothing,3,189,264,75
6/23/2016,Bikes,1,"2,384.00","1,718.00",-666
6/23/2016,Accessories,2,45,57,12
6/23/2016,Accessories,1,280,346,66
6/23/2016,Clothing,3,270,441,171
6/23/2016,Bikes,1,"2,320.00","3,487.00",1167
6/23/2016,Accessories,2,735,"1,125.00",390
6/23/2016,Accessories,3,90,87,-3
6/23/2016,Accessories,3,840,902,62
6/23/2016,Bikes,3,"2,295.00","2,082.00",-213
6/23/2016,Accessories,1,210,249,39
6/23/2016,Accessories,3,5,6,1
6/23/2016,Accessories,1,330,497,167
6/23/2016,Accessories,1,16,23,7
6/23/2016,Bikes,1,"1,701.00","2,299.00",598
6/23/2016,Accessories,2,559,681,122
6/23/2016,Bikes,1,"2,384.00","2,618.00",234
6/24/2016,Accessories,2,35,42,7
6/24/2016,Clothing,3,135,158,23
6/24/2016,Bikes,2,"2,384.00","2,411.00",27
6/24/2016,Accessories,3,945,"1,233.00",288
6/24/2016,Accessories,2,770,"1,267.00",497
6/24/2016,Bikes,3,"2,295.00","2,372.00",77
6/24/2016,Clothing,1,189,209,20
6/24/2016,Accessories,1,315,405,90
6/24/2016,Clothing,3,"1,620.00","2,058.00",438
6/24/2016,Clothing,1,"1,350.00","1,458.00",108
6/24/2016,Clothing,2,600,984,384
6/24/2016,Clothing,3,189,258,69
6/24/2016,Accessories,2,286,333,47
6/24/2016,Bikes,3,"2,295.00","1,932.00",-363
6/24/2016,Accessories,1,440,668,228
6/24/2016,Accessories,3,162,189,27
6/24/2016,Accessories,2,135,151,16
6/24/2016,Clothing,2,918,"1,092.00",174
6/24/2016,Accessories,2,70,80,10
6/24/2016,Accessories,3,45,61,16
6/24/2016,Bikes,1,540,549,9
6/24/2016,Accessories,3,130,145,15
6/24/2016,Accessories,3,75,97,22
6/24/2016,Accessories,2,150,169,19
6/24/2016,Bikes,3,"1,215.00","1,285.00",70
6/24/2016,Accessories,1,120,165,45
6/24/2016,Accessories,2,350,432,82
6/24/2016,Accessories,2,595,814,219
6/24/2016,Accessories,2,30,45,15
6/25/2016,Accessories,3,98,129,31
6/25/2016,Accessories,2,92,119,27
6/25/2016,Accessories,3,25,34,9
6/25/2016,Clothing,3,"1,150.00","1,378.00",228
6/25/2016,Bikes,1,"2,443.00","2,971.00",528
6/25/2016,Accessories,3,210,283,73
6/25/2016,Bikes,3,"2,443.00","2,601.00",158
6/25/2016,Accessories,2,140,189,49
6/25/2016,Clothing,3,900,936,36
6/25/2016,Bikes,1,"2,384.00","2,736.00",352
6/25/2016,Accessories,2,70,105,35
6/25/2016,Accessories,1,110,141,31
6/25/2016,Bikes,1,"1,120.00","1,109.00",-11
6/25/2016,Accessories,1,637,740,103
6/25/2016,Clothing,2,"1,050.00","1,373.00",323
6/25/2016,Bikes,2,540,597,57
6/25/2016,Bikes,1,"2,320.00","2,578.00",258
6/25/2016,Clothing,2,700,714,14
6/25/2016,Clothing,2,864,"1,219.00",355
6/25/2016,Bikes,2,"1,215.00","1,259.00",44
6/25/2016,Accessories,1,25,30,5
6/25/2016,Bikes,2,540,574,34
6/25/2016,Accessories,3,100,133,33
6/25/2016,Accessories,2,270,349,79
6/26/2016,Accessories,2,23,28,5
6/26/2016,Accessories,2,107,139,32
6/26/2016,Accessories,3,69,88,19
6/26/2016,Accessories,1,56,68,12
6/26/2016,Accessories,3,560,779,219
6/26/2016,Bikes,3,"2,384.00","2,918.00",534
6/26/2016,Accessories,1,198,286,88
6/26/2016,Accessories,2,490,597,107
6/26/2016,Clothing,3,162,199,37
6/26/2016,Accessories,2,35,40,5
6/26/2016,Bikes,1,742,781,39
6/26/2016,Accessories,3,33,36,3
6/26/2016,Accessories,1,28,32,4
6/26/2016,Accessories,1,50,58,8
6/26/2016,Accessories,1,260,410,150
6/26/2016,Bikes,2,540,559,19
6/26/2016,Accessories,3,286,316,30
6/26/2016,Bikes,1,"2,295.00","3,021.00",726
6/26/2016,Accessories,3,40,67,27
6/26/2016,Accessories,2,85,124,39
6/26/2016,Accessories,1,560,844,284
6/26/2016,Bikes,1,"2,320.00","2,413.00",93
6/26/2016,Bikes,2,769,972,203
6/26/2016,Accessories,2,176,219,43
6/26/2016,Accessories,1,95,131,36
6/26/2016,Accessories,1,840,"1,004.00",164
6/26/2016,Accessories,2,700,816,116
6/26/2016,Accessories,1,132,193,61
6/26/2016,Accessories,3,140,234,94
6/26/2016,Accessories,2,475,540,65
6/26/2016,Accessories,3,130,171,41
6/26/2016,Accessories,3,477,600,123
6/26/2016,Accessories,3,"1,320.00","1,566.00",246
6/26/2016,Accessories,2,35,56,21
6/27/2016,Bikes,3,565,862,297
6/27/2016,Accessories,2,506,471,-35
6/27/2016,Accessories,2,945,"1,113.00",168
6/27/2016,Accessories,1,418,570,152
6/27/2016,Accessories,3,105,146,41
6/27/2016,Accessories,2,50,61,11
6/27/2016,Accessories,1,240,331,91
6/27/2016,Accessories,3,100,120,20
6/27/2016,Accessories,2,9,11,2
6/27/2016,Accessories,1,104,120,16
6/27/2016,Accessories,3,913,"1,113.00",200
6/27/2016,Accessories,1,875,"1,141.00",266
6/27/2016,Bikes,2,"2,384.00","2,928.00",544
6/27/2016,Accessories,1,36,53,17
6/27/2016,Accessories,3,10,16,6
6/27/2016,Bikes,2,"1,701.00","2,393.00",692
6/27/2016,Clothing,3,144,224,80
6/27/2016,Accessories,3,175,216,41
6/27/2016,Bikes,3,"1,701.00","2,019.00",318
6/27/2016,Clothing,2,196,254,58
6/27/2016,Accessories,1,92,115,23
6/27/2016,Accessories,2,43,55,12
6/27/2016,Bikes,2,540,615,75
6/27/2016,Bikes,3,"2,295.00","2,324.00",29
6/27/2016,Accessories,2,308,376,68
6/27/2016,Bikes,1,742,881,139
6/27/2016,Bikes,1,"2,320.00","2,571.00",251
6/27/2016,Accessories,2,210,279,69
6/27/2016,Accessories,3,690,"1,096.00",406
6/27/2016,Accessories,2,48,70,22
6/27/2016,Clothing,2,"1,200.00","1,611.00",411
6/27/2016,Bikes,3,"1,701.00","1,549.00",-152
6/27/2016,Accessories,2,50,66,16
6/27/2016,Accessories,2,52,65,13
6/27/2016,Bikes,1,769,673,-96
6/27/2016,Accessories,2,35,44,9
6/27/2016,Clothing,2,216,259,43
6/28/2016,Accessories,1,50,54,4
6/28/2016,Accessories,1,36,43,7
6/28/2016,Accessories,3,80,100,20
6/28/2016,Accessories,3,525,641,116
6/28/2016,Clothing,1,900,"1,163.00",263
6/28/2016,Accessories,3,"1,200.00","1,515.00",315
6/28/2016,Accessories,1,21,25,4
6/28/2016,Clothing,3,450,642,192
6/28/2016,Clothing,2,36,45,9
6/28/2016,Accessories,1,162,204,42
6/28/2016,Accessories,1,20,28,8
6/28/2016,Clothing,1,108,125,17
6/28/2016,Bikes,2,"2,384.00","3,189.00",805
6/28/2016,Accessories,3,135,196,61
6/28/2016,Accessories,2,54,83,29
6/28/2016,Clothing,2,432,629,197
6/28/2016,Clothing,1,189,267,78
6/28/2016,Clothing,1,108,122,14
6/28/2016,Accessories,1,245,392,147
6/28/2016,Bikes,3,"1,120.00","1,318.00",198
6/28/2016,Accessories,1,46,57,11
6/28/2016,Accessories,2,"1,015.00","1,298.00",283
6/28/2016,Bikes,2,"2,443.00","2,972.00",529
6/28/2016,Bikes,3,"2,320.00","2,324.00",4
6/28/2016,Accessories,2,560,626,66
6/28/2016,Accessories,3,440,558,118
6/28/2016,Clothing,1,343,359,16
6/28/2016,Accessories,1,910,"1,242.00",332
6/28/2016,Accessories,2,735,939,204
6/28/2016,Accessories,1,308,340,32
6/28/2016,Bikes,1,769,734,-35
6/28/2016,Bikes,2,"1,120.00","1,114.00",-6
6/29/2016,Clothing,3,216,263,47
6/29/2016,Accessories,2,875,"1,059.00",184
6/29/2016,Accessories,2,290,379,89
6/29/2016,Accessories,2,44,52,8
6/29/2016,Accessories,3,20,27,7
6/29/2016,Clothing,3,49,67,18
6/29/2016,Bikes,3,742,794,52
6/29/2016,Accessories,1,70,84,14
6/29/2016,Accessories,1,144,181,37
6/29/2016,Accessories,3,595,877,282
6/29/2016,Clothing,1,637,762,125
6/29/2016,Accessories,2,60,72,12
6/29/2016,Bikes,3,"2,295.00","2,383.00",88
6/29/2016,Accessories,1,140,161,21
6/29/2016,Bikes,2,"2,295.00","2,553.00",258
6/29/2016,Accessories,3,55,83,28
6/29/2016,Accessories,1,980,"1,357.00",377
6/29/2016,Accessories,1,70,103,33
6/29/2016,Bikes,3,"2,320.00","3,123.00",803
6/29/2016,Accessories,2,100,165,65
6/29/2016,Bikes,2,742,864,122
6/29/2016,Bikes,1,540,760,220
6/29/2016,Accessories,3,108,178,70
6/29/2016,Accessories,2,21,32,11
6/29/2016,Accessories,1,80,112,32
6/29/2016,Accessories,1,319,518,199
6/29/2016,Clothing,3,180,222,42
6/29/2016,Bikes,2,540,547,7
6/29/2016,Accessories,2,54,92,38
6/29/2016,Clothing,1,108,173,65
6/29/2016,Accessories,1,105,181,76
6/29/2016,Accessories,2,636,719,83
6/29/2016,Bikes,3,"2,295.00","2,598.00",303
6/29/2016,Bikes,2,"2,295.00","2,553.00",258
6/29/2016,Accessories,2,230,314,84
6/29/2016,Accessories,1,5,6,1
6/29/2016,Accessories,2,175,218,43
6/29/2016,Clothing,2,"1,260.00","1,935.00",675
6/29/2016,Accessories,1,96,104,8
6/29/2016,Accessories,3,625,816,191
6/29/2016,Bikes,3,742,854,112
6/29/2016,Accessories,2,360,449,89
6/29/2016,Accessories,3,40,47,7
6/29/2016,Accessories,3,385,452,67
6/29/2016,Bikes,2,"2,384.00","2,281.00",-103
6/30/2016,Clothing,1,261,288,27
6/30/2016,Clothing,3,953,"1,335.00",382
6/30/2016,Accessories,3,151,202,51
6/30/2016,Accessories,3,390,521,131
6/30/2016,Accessories,3,210,337,127
6/30/2016,Accessories,2,85,115,30
6/30/2016,Accessories,1,9,12,3
6/30/2016,Accessories,1,115,141,26
6/30/2016,Bikes,3,"1,215.00","1,259.00",44
6/30/2016,Bikes,1,"2,295.00","2,360.00",65
6/30/2016,Bikes,2,540,589,49
6/30/2016,Clothing,3,700,948,248
6/30/2016,Bikes,3,"2,320.00","3,005.00",685
6/30/2016,Accessories,2,90,142,52
6/30/2016,Accessories,1,105,151,46
6/30/2016,Accessories,2,875,"1,456.00",581
6/30/2016,Bikes,3,540,629,89
6/30/2016,Accessories,1,95,117,22
6/30/2016,Accessories,1,500,570,70
6/30/2016,Accessories,2,48,65,17
6/30/2016,Bikes,1,"2,320.00","2,476.00",156
6/30/2016,Accessories,1,50,60,10
6/30/2016,Accessories,1,100,128,28
6/30/2016,Clothing,1,45,57,12
6/30/2016,Bikes,1,"2,320.00","2,455.00",135
6/30/2016,Accessories,2,15,19,4
6/30/2016,Accessories,2,140,157,17
6/30/2016,Clothing,2,72,97,25
7/1/2016,Accessories,3,120,146,26
7/1/2016,Accessories,1,430,514,84
7/1/2016,Accessories,2,55,74,19
7/1/2016,Accessories,1,725,973,248
7/1/2016,Accessories,2,100,121,21
7/1/2016,Accessories,2,210,269,59
7/1/2016,Accessories,1,105,124,19
7/1/2016,Accessories,2,95,154,59
7/1/2016,Accessories,2,258,408,150
7/1/2016,Accessories,3,48,73,25
7/1/2016,Clothing,2,54,70,16
7/1/2016,Clothing,3,245,325,80
7/2/2016,Accessories,1,203,239,36
7/2/2016,Accessories,2,75,92,17
7/2/2016,Accessories,2,57,75,18
7/2/2016,Accessories,3,700,"1,059.00",359
7/2/2016,Clothing,2,756,986,230
7/2/2016,Accessories,3,600,748,148
7/2/2016,Accessories,1,53,63,10
7/2/2016,Accessories,1,8,10,2
7/2/2016,Accessories,3,910,"1,028.00",118
7/2/2016,Accessories,1,25,32,7
7/2/2016,Accessories,1,525,743,218
7/2/2016,Accessories,1,125,145,20
7/2/2016,Clothing,3,144,225,81
7/2/2016,Accessories,2,22,28,6
7/2/2016,Accessories,3,154,224,70
7/2/2016,Clothing,3,378,401,23
7/2/2016,Accessories,1,770,934,164
7/3/2016,Accessories,2,140,185,45
7/3/2016,Accessories,1,40,48,8
7/3/2016,Accessories,1,"1,050.00","1,302.00",252
7/3/2016,Accessories,2,150,173,23
7/3/2016,Accessories,2,630,768,138
7/3/2016,Accessories,1,100,110,10
7/3/2016,Accessories,3,175,214,39
7/3/2016,Clothing,1,108,185,77
7/3/2016,Accessories,1,725,895,170
7/3/2016,Accessories,3,95,116,21
7/3/2016,Clothing,3,"1,150.00","1,207.00",57
7/3/2016,Accessories,3,35,49,14
7/3/2016,Accessories,1,910,"1,111.00",201
7/3/2016,Clothing,3,144,177,33
7/3/2016,Accessories,2,315,411,96
7/3/2016,Accessories,2,46,53,7
7/4/2016,Accessories,3,75,94,19
7/4/2016,Accessories,2,81,87,6
7/4/2016,Accessories,1,20,26,6
7/4/2016,Accessories,2,39,48,9
7/4/2016,Clothing,3,"1,050.00","1,239.00",189
7/4/2016,Clothing,3,27,36,9
7/4/2016,Clothing,2,420,454,34
7/5/2016,Accessories,1,25,28,3
7/5/2016,Accessories,2,5,6,1
7/5/2016,Accessories,1,30,40,10
7/5/2016,Accessories,2,"1,050.00","1,318.00",268
7/5/2016,Accessories,1,50,68,18
7/5/2016,Accessories,2,20,27,7
7/5/2016,Accessories,3,20,27,7
7/5/2016,Accessories,1,150,201,51
7/5/2016,Accessories,2,50,58,8
7/5/2016,Accessories,1,174,219,45
7/5/2016,Accessories,3,45,52,7
7/5/2016,Accessories,1,44,60,16
7/5/2016,Accessories,1,35,53,18
7/5/2016,Accessories,1,40,49,9
7/5/2016,Accessories,2,35,43,8
7/5/2016,Clothing,1,400,485,85
7/6/2016,Clothing,3,49,60,11
7/6/2016,Accessories,3,80,121,41
7/6/2016,Accessories,1,945,"1,291.00",346
7/6/2016,Clothing,1,269,317,48
7/6/2016,Clothing,2,144,207,63
7/6/2016,Accessories,1,40,47,7
7/6/2016,Accessories,2,100,128,28
7/7/2016,Accessories,1,85,108,23
7/7/2016,Accessories,3,45,73,28
7/7/2016,Accessories,3,44,57,13
7/7/2016,Accessories,3,700,"1,027.00",327
7/7/2016,Accessories,2,352,471,119
7/7/2016,Clothing,3,318,385,67
7/7/2016,Accessories,1,140,206,66
7/8/2016,Accessories,2,210,272,62
7/8/2016,Accessories,2,116,130,14
7/8/2016,Accessories,2,910,"1,156.00",246
7/8/2016,Accessories,2,37,44,7
7/8/2016,Accessories,2,840,861,21
7/8/2016,Accessories,1,28,33,5
7/8/2016,Accessories,1,228,279,51
7/8/2016,Accessories,1,175,228,53
7/8/2016,Accessories,1,175,217,42
7/8/2016,Accessories,3,420,488,68
7/8/2016,Accessories,3,2,3,1
7/8/2016,Accessories,1,95,116,21
7/8/2016,Accessories,3,396,467,71
7/8/2016,Accessories,1,35,42,7
7/8/2016,Clothing,2,"1,461.00","1,671.00",210
7/8/2016,Accessories,1,140,167,27
7/8/2016,Accessories,2,390,495,105
7/8/2016,Accessories,1,90,118,28
7/8/2016,Accessories,1,290,332,42
7/8/2016,Accessories,1,40,52,12
7/8/2016,Accessories,2,5,6,1
7/9/2016,Accessories,1,44,52,8
7/9/2016,Accessories,2,35,44,9
7/9/2016,Accessories,1,14,18,4
7/9/2016,Accessories,1,264,348,84
7/9/2016,Accessories,1,825,"1,116.00",291
7/9/2016,Clothing,3,225,253,28
7/9/2016,Clothing,3,"1,450.00","2,043.00",593
7/9/2016,Clothing,2,261,352,91
7/9/2016,Accessories,2,550,751,201
7/9/2016,Accessories,1,245,373,128
7/9/2016,Accessories,3,135,175,40
7/10/2016,Accessories,1,455,480,25
7/10/2016,Accessories,3,16,21,5
7/10/2016,Accessories,3,609,718,109
7/10/2016,Accessories,3,75,74,-1
7/10/2016,Accessories,3,53,89,36
7/10/2016,Accessories,1,"1,560.00","2,073.00",513
7/10/2016,Accessories,2,12,15,3
7/11/2016,Accessories,2,24,31,7
7/11/2016,Accessories,2,70,96,26
7/11/2016,Accessories,2,805,"1,059.00",254
7/11/2016,Accessories,3,120,161,41
7/11/2016,Accessories,2,554,716,162
7/11/2016,Clothing,2,"1,250.00","1,545.00",295
7/12/2016,Accessories,3,406,515,109
7/12/2016,Accessories,3,40,52,12
7/12/2016,Accessories,2,103,128,25
7/12/2016,Clothing,3,"1,000.00","1,166.00",166
7/12/2016,Accessories,2,300,365,65
7/12/2016,Accessories,3,95,113,18
7/12/2016,Accessories,1,37,46,9
7/12/2016,Accessories,2,954,"1,235.00",281
7/12/2016,Accessories,3,48,71,23
7/12/2016,Accessories,1,750,"1,083.00",333
7/12/2016,Accessories,1,"3,240.00","5,082.00",1842
7/12/2016,Accessories,2,462,533,71
7/12/2016,Accessories,3,92,126,34
7/13/2016,Accessories,3,945,"1,155.00",210
7/13/2016,Accessories,1,350,482,132
7/13/2016,Accessories,3,250,335,85
7/13/2016,Accessories,2,90,124,34
7/13/2016,Accessories,2,374,506,132
7/13/2016,Clothing,2,198,254,56
7/13/2016,Accessories,2,528,695,167
7/13/2016,Accessories,1,615,841,226
7/13/2016,Clothing,1,588,696,108
7/14/2016,Accessories,3,477,566,89
7/14/2016,Accessories,1,130,144,14
7/14/2016,Accessories,1,37,41,4
7/14/2016,Clothing,3,500,624,124
7/14/2016,Clothing,2,350,522,172
7/14/2016,Clothing,2,350,448,98
7/15/2016,Accessories,3,2,3,1
7/15/2016,Accessories,1,528,677,149
7/15/2016,Accessories,2,5,6,1
7/15/2016,Accessories,1,595,886,291
7/15/2016,Accessories,3,75,95,20
7/15/2016,Accessories,2,770,"1,289.00",519
7/15/2016,Accessories,3,215,238,23
7/15/2016,Accessories,1,50,64,14
7/15/2016,Accessories,3,245,305,60
7/15/2016,Accessories,3,119,140,21
7/15/2016,Clothing,1,735,951,216
7/15/2016,Accessories,3,980,"1,115.00",135
7/15/2016,Clothing,1,"1,540.00","1,831.00",291
7/15/2016,Accessories,2,40,58,18
7/15/2016,Accessories,3,350,440,90
7/16/2016,Accessories,1,815,933,118
7/16/2016,Accessories,2,90,119,29
7/16/2016,Accessories,1,27,39,12
7/16/2016,Clothing,1,"1,188.00","1,818.00",630
7/16/2016,Clothing,3,36,40,4
7/16/2016,Clothing,3,200,258,58
7/16/2016,Accessories,3,110,136,26
7/16/2016,Accessories,3,550,711,161
7/16/2016,Accessories,3,390,472,82
7/17/2016,Clothing,1,135,163,28
7/17/2016,Accessories,3,100,122,22
7/17/2016,Accessories,3,290,382,92
7/17/2016,Accessories,3,910,"1,113.00",203
7/17/2016,Clothing,2,207,237,30
7/17/2016,Accessories,3,308,421,113
7/17/2016,Clothing,2,600,790,190
7/17/2016,Accessories,1,770,862,92
7/17/2016,Clothing,1,147,176,29
7/17/2016,Accessories,3,154,167,13
7/17/2016,Accessories,2,108,165,57
7/17/2016,Accessories,1,880,"1,358.00",478
7/17/2016,Accessories,3,175,279,104
7/18/2016,Accessories,2,140,161,21
7/18/2016,Accessories,2,659,759,100
7/18/2016,Clothing,1,343,428,85
7/19/2016,Clothing,2,756,844,88
7/19/2016,Accessories,1,300,374,74
7/19/2016,Accessories,1,46,56,10
7/19/2016,Accessories,3,70,86,16
7/19/2016,Accessories,1,665,858,193
7/19/2016,Accessories,1,418,490,72
7/19/2016,Accessories,3,110,152,42
7/19/2016,Accessories,2,462,637,175
7/19/2016,Accessories,2,600,988,388
7/19/2016,Accessories,2,39,60,21
7/19/2016,Accessories,1,396,507,111
7/19/2016,Accessories,3,350,384,34
7/19/2016,Accessories,3,245,316,71
7/19/2016,Accessories,1,72,89,17
7/19/2016,Clothing,2,210,218,8
7/19/2016,Clothing,2,54,50,-4
7/20/2016,Accessories,2,60,72,12
7/20/2016,Accessories,3,37,47,10
7/20/2016,Clothing,1,650,841,191
7/20/2016,Accessories,3,125,180,55
7/20/2016,Accessories,2,105,116,11
7/20/2016,Accessories,3,210,257,47
7/20/2016,Accessories,1,264,344,80
7/20/2016,Accessories,2,200,268,68
7/20/2016,Accessories,3,80,98,18
7/20/2016,Clothing,2,9,12,3
7/20/2016,Accessories,3,245,302,57
7/20/2016,Clothing,2,318,388,70
7/20/2016,Accessories,3,44,54,10
7/20/2016,Accessories,1,130,154,24
7/20/2016,Accessories,3,375,481,106
7/21/2016,Accessories,1,330,394,64
7/21/2016,Accessories,2,913,"1,044.00",131
7/21/2016,Accessories,1,72,96,24
7/21/2016,Clothing,1,"1,350.00","1,856.00",506
7/21/2016,Accessories,1,115,151,36
7/21/2016,Accessories,2,374,461,87
7/22/2016,Accessories,2,92,120,28
7/22/2016,Accessories,1,9,10,1
7/22/2016,Accessories,2,418,498,80
7/22/2016,Clothing,1,"1,143.00","1,329.00",186
7/22/2016,Clothing,2,261,308,47
7/22/2016,Accessories,3,15,17,2
7/22/2016,Accessories,3,841,"1,008.00",167
7/22/2016,Accessories,2,"1,015.00","1,311.00",296
7/22/2016,Accessories,1,154,212,58
7/22/2016,Clothing,3,"1,270.00","1,790.00",520
7/22/2016,Accessories,2,95,144,49
7/22/2016,Clothing,1,"2,030.00","3,339.00",1309
7/22/2016,Clothing,1,"1,350.00","2,073.00",723
7/23/2016,Accessories,2,85,116,31
7/23/2016,Accessories,1,29,36,7
7/23/2016,Accessories,1,360,484,124
7/23/2016,Accessories,1,130,192,62
7/23/2016,Clothing,2,"1,400.00","1,758.00",358
7/24/2016,Accessories,2,12,16,4
7/24/2016,Accessories,1,2,3,1
7/24/2016,Accessories,3,30,40,10
7/24/2016,Accessories,1,64,76,12
7/24/2016,Clothing,3,225,280,55
7/24/2016,Accessories,3,645,565,-80
7/24/2016,Accessories,1,7,12,5
7/24/2016,Accessories,1,450,547,97
7/24/2016,Accessories,1,96,128,32
7/24/2016,Accessories,1,23,28,5
7/25/2016,Clothing,1,"1,890.00","2,080.00",190
7/25/2016,Clothing,2,99,126,27
7/25/2016,Accessories,1,690,889,199
7/25/2016,Accessories,2,80,100,20
7/26/2016,Clothing,1,800,942,142
7/26/2016,Accessories,1,220,262,42
7/26/2016,Accessories,3,637,764,127
7/26/2016,Accessories,2,700,800,100
7/26/2016,Accessories,2,700,896,196
7/26/2016,Clothing,2,588,692,104
7/26/2016,Accessories,1,159,227,68
7/26/2016,Accessories,2,50,56,6
7/26/2016,Accessories,2,40,52,12
7/26/2016,Accessories,1,540,654,114
7/26/2016,Accessories,1,100,114,14
7/26/2016,Accessories,2,300,360,60
7/26/2016,Accessories,1,120,148,28
7/27/2016,Accessories,2,41,47,6
7/27/2016,Accessories,3,75,87,12
7/27/2016,Clothing,2,100,116,16
7/27/2016,Accessories,3,455,541,86
7/27/2016,Clothing,2,367,524,157
7/27/2016,Accessories,2,352,422,70
7/27/2016,Accessories,2,175,208,33
7/27/2016,Accessories,1,150,179,29
7/27/2016,Clothing,1,"1,150.00","1,232.00",82
7/27/2016,Accessories,2,40,62,22
7/27/2016,Accessories,2,385,418,33
7/28/2016,Accessories,2,525,654,129
7/28/2016,Accessories,2,275,316,41
7/28/2016,Accessories,1,37,45,8
7/28/2016,Accessories,2,540,647,107
7/28/2016,Accessories,1,"1,015.00","1,464.00",449
7/28/2016,Accessories,1,15,20,5
7/28/2016,Accessories,1,15,19,4
7/28/2016,Accessories,1,225,288,63
7/28/2016,Accessories,1,135,184,49
7/28/2016,Accessories,3,145,189,44
7/28/2016,Accessories,3,175,250,75
7/29/2016,Clothing,3,117,139,22
7/29/2016,Accessories,3,154,167,13
7/29/2016,Clothing,2,450,485,35
7/29/2016,Accessories,3,280,323,43
7/29/2016,Accessories,1,462,719,257
7/29/2016,Accessories,3,75,112,37
7/29/2016,Accessories,3,280,417,137
7/30/2016,Accessories,3,100,115,15
7/30/2016,Accessories,3,80,107,27
7/30/2016,Accessories,2,86,104,18
7/30/2016,Clothing,3,98,138,40
7/30/2016,Accessories,2,220,266,46
7/30/2016,Accessories,2,104,128,24
7/30/2016,Accessories,2,350,435,85
7/30/2016,Accessories,3,473,546,73
7/30/2016,Accessories,3,53,62,9
7/30/2016,Accessories,3,"1,015.00","1,270.00",255
7/31/2016,Accessories,1,25,30,5
7/31/2016,Accessories,2,480,531,51
7/31/2016,Accessories,2,9,11,2
7/31/2016,Accessories,3,484,558,74
7/31/2016,Accessories,3,167,217,50
7/31/2016,Accessories,3,408,623,215
7/31/2016,Clothing,3,"1,000.00","1,231.00",231
7/31/2016,Accessories,2,80,117,37
7/31/2016,Accessories,2,64,94,30
7/31/2016,Accessories,1,72,107,35
7/31/2016,Accessories,3,"3,120.00","4,550.00",1430
7/31/2016,Accessories,3,40,45,5
7/31/2016,Accessories,3,21,28,7
7/31/2016,Clothing,3,"1,016.00","1,210.00",194
7/31/2016,Clothing,1,234,262,28
7/31/2016,Accessories,2,"1,050.00","1,246.00",196
7/31/2016,Accessories,3,75,103,28
7/31/2016,Accessories,1,110,138,28
